2340 3926
429 292 482 322 12
867 330 870 333 A
995 275 1047 317 T.
1086 273 1378 318 LUCRETII
1413 272 1553 316 CARI
1934 271 1986 321 (v.
2005 272 2115 321 320.)

423 382 545 433 Haec
572 379 737 455 igitur
763 377 958 446 minui,
988 397 1158 451 quum
1179 377 1292 430 'sint
1323 375 1544 445 detrita,
1572 373 1841 439 videmus;

422 477 525 532 Sed
559 498 677 553 quae
711 495 938 550 corpora
973 475 1232 530 decedant
1261 476 1317 528 in
1344 487 1586 549 tempore
1611 492 1825 548 quoque
1843 514 1858 540 ‚
1938 509 1941 512 <

420 576 610 631 Invida
643 574 911 651 praeclusit
942 575 1177 649 speciem
1203 574 1413 628 Natura
1443 572 1676 627 videndi.

420 677 727 745 PostremO,
760 693 1093 748 quaecunque
1124 671 1236 726 dies
1262 672 1577 745 Naturaque
1604 671 1764 725 rebus

419 771 685 827 Paulatim
717 772 908 827 tribuit
940 771 1261 827 moderatim
1291 789 1529 824 crescere
1558 789 1778 844 cogens,

417 869 583 927 Nulla
616 883 790 946 potest
815 870 1100 926 oculorum
1132 871 1270 925 acies
1305 880 1556 924 contenta
1587 868 1727 947 tueri
1765 888 1775 920 :

418 967 530 1023 Nec
558 990 721 1044 porro
752 989 1083 1045 quaecunque
1116 989 1228 1023 aevo
1257 969 1529 1042 macieque
1558 976 1842 1021 senescunt
1871 985 1882 1017 :

416 1066 531 1120 Nec
561 1087 706 1122 mare
738 1087 855 1142 quae
882 1067 1191 1142 impendent
1224 1086 1378 1120 vesco
1412 1064 1519 1120 sale
1554 1084 1676 1119 saxa
1703 1083 1887 1139 peresa
1906 1106 1919 1129 ‚

415 1163 563 1232 Quid
597 1185 812 1239 quoque
842 1167 1102 1220 amittant⁴
1121 1166 1177 1218 in
1204 1177 1445 1239 tempore
1465 1207 1479 1234 ,
1514 1183 1732 1218 cernere
1762 1163 1953 1237 possis,

413 1262 747 1335 Corporibus
782 1263 931 1318 caecis
966 1264 1132 1339 igitur
1164 1265 1374 1320 Natura
1407 1262 1547 1337 gerit
1580 1281 1681 1316 res·

491 1361 608 1416 Nec
634 1372 815 1429 tamen
844 1360 1083 1435 undique
1110 1379 1368 1436 corporea
1394 1360 1589 1434 stipata
1612 1371 1866 1421 tenentur

414 1460 612 1513 Omnia
638 1460 872 1530 Natura3
902 1480 1135 1535 namque
1162 1471 1243 1514 est
1275 1459 1330 1512 in
1355 1458 1518 1513 rebus
1546 1459 1720 1513 inane.

413 1558 579 1628 Quod
606 1560 705 1613 tibi
734 1580 991 1634 cognosse
1018 1561 1073 1613 in
1101 1558 1285 1614 multis
1312 1561 1415 1614 erit
1443 1557 1575 1614 utile
1602 1558 1760 1613 rebus
1789 1578 1800 1611 :

412 1658 529 1713 Nec
557 1657 694 1711 sinet
722 1670 990 1713 errantem
1020 1658 1298 1729 dubitare,
1327 1670 1381 1712 et
1416 1677 1653 1733 quaerere
1683 1677 1896 1731 semper

410 1759 492 1810 De
522 1777 732 1811 summa
762 1778 940 1812 rerum
961 1800 976 1828 ,
1011 1769 1064 1812 et
1097 1758 1297 1811 nostris
1324 1755 1566 1811 diffidere
1591 1756 1766 1811 dictis,

492 1856 843 1932 Quapropter
877 1856 1026 1911 locus
1054 1869 1132 1911 est
1165 1857 1423 1926 intactUS,
1452 1856 1640 1926 inane,
1666 1875 2002 1930 vacansque:

407 1955 573 2025 Quod
600 1957 644 2010 si
673 1977 782 2011 non
816 1969 975 2028 esset,
1008 1956 1158 2011 nulla
1183 1957 1395 2011 ratione
1428 1955 1636 2010 moveri

405 2057 510 2109 Res
539 2067 756 2129 possent
786 2075 798 2108 ε
832 2075 1065 2130 namque
1093 2054 1332 2109 officium
1358 2053 1505 2129 quod
1527 2054 1770 2130 corporis
1797 2065 1942 2108 extat
1963 2096 1975 2118 ‚

405 2150 637 2206 Officere
663 2165 824 2227 atque
849 2154 1088 2224 obstare,
1117 2153 1174 2208 id
1202 2154 1258 2207 in
1280 2153 1429 2208 omni
1459 2165 1706 2228 tempore
1738 2151 1946 2206 adesset

404 2251 673 2305 Omnibus
710 2272 721 2304 ε
754 2250 901 2306 haud
928 2252 1096 2327 igitur
1129 2251 1426 2327 quidquam
1452 2250 1748 2327 procedere
1775 2261 1980 2326 posset,

402 2349 736 2424 Principium
764 2351 1022 2425 quoniam
1050 2351 1275 2404 cedendi
1305 2349 1456 2406 nulla
1483 2349 1637 2405 daret
1668 2370 1769 2404 res,

347 2454 350 2458 ’
400 2449 472 2502 At
498 2458 642 2502 nunc
674 2468 773 2523 per
800 2448 998 2519 maria,
1024 2469 1086 2503 ac
1113 2461 1287 2503 terras
1305 2490 1320 2519 ‚
1355 2448 1694 2524 sublimaque
1725 2446 1870 2516 coeli7

401 2544 577 2601 Multa
601 2546 774 2601 modis
807 2545 994 2601 multis
1030 2548 1178 2602 varia
1207 2530 1424 2602 'ratione
1449 2547 1655 2602 moveri

399 2647 686 2701 Cernimus
720 2659 846 2703 ante
873 2646 1059 2702 oculos
1089 2668 1101 2701 :
1130 2667 1280 2723 quae‚
1311 2647 1355 2701 si
1387 2666 1499 2700 non
1532 2657 1669 2702 esset
1699 2647 1889 2716 inane,

358 2790 365 2797 .
399 2747 525 2808 Non
558 2759 670 2802 tam
704 2746 937 2803 sollicito
970 2757 1123 2802 motu
1153 2747 1365 2822 privata
1393 2758 1669 2817 carerent,

350 2883 359 2893 ι
398 2848 579 2917 Quam
605 2848 787 2923 genita
813 2847 1036 2904 omnino
1063 2844 1212 2900 nulla
1243 2845 1453 2900 ratione
1481 2845 1705 2900 fuissent
1736 2866 1747 2898 ε

400 2944 654 3021 Undique
687 2947 936 3000 materies
963 2946 1221 3021 quoniam
1257 2945 1454 3021 stipata
1486 2945 1740 3021 quiescet.

474 3045 739 3097 Praeterea
770 3046 1017 3118 quamvis
1047 3042 1228 3099 solidae
1256 3064 1339 3098 res
1366 3063 1479 3098 esse
1509 3054 1789 3119 putentur,

402 3140 537 3193 Hinc
563 3153 743 3196 tamen
771 3163 886 3198 esse
917 3143 1042 3198 licet
1070 3163 1193 3197 raro
1226 3162 1352 3197 cum
1379 3162 1609 3218 corpore
1639 3162 1826 3198 cernas

406 3240 469 3291 In
490 3240 626 3294 saxis
654 3262 716 3295 ac
744 3242 1011 3317 speluncis
1040 3254 1321 3317 permanat
1351 3262 1615 3317 aquarum
1686 3304 1690 3306 p

2331 1111 2340 1324 nnn-..-nhnst
2333 1073 2340 1100 .--
2335 1047 2340 1057 Υ
2335 1022 2340 1031 -
2328 979 2340 989 ι
2324 937 2328 944 ’
