2320 3866
401 262 425 305 3
436 275 453 303 1
462 260 490 304 8
1005 260 1490 307 ADNOTATIONES

462 357 579 402 Inde
594 357 683 400 loci
702 364 761 417 (v.
789 353 907 418 438)
930 352 947 417 (
961 355 990 399 i.
1016 370 1056 401 e.
1078 356 1139 400 ab
1164 357 1243 400 illo
1269 359 1367 401 loco
1378 389 1394 411 ,
1420 364 1499 401 aut
1522 355 1582 399 ab
1597 355 1679 399 iblo
1700 355 1930 420 tempore)
1955 359 2088 418 quod
2127 367 2129 370 ’

394 434 515 479 redit
535 432 656 477 infra
676 448 720 476 v.
748 438 840 489 740
864 439 910 477 et
934 431 1049 491 789,
1077 432 1247 492 legitur
1268 433 1404 478 etiam
1425 432 1554 494 apud
1577 431 1800 491 Ennium,
1814 448 1861 492 p.
1893 433 1952 487 34
1969 468 1981 491 ,
1999 433 2058 479 83
2077 468 2090 491 ,

400 513 515 568 1873
538 509 708 567 Lucil.,
735 510 817 567 303
840 519 885 554 et
908 508 1000 555 Cic.
1019 543 1032 566 ,
1063 511 1217 563 Arae„
1245 509 1352 569 393.

464 587 733 630 Dis-cludere
755 582 816 648 (v.
845 584 985 649 439).
1010 587 1046 631 Ι.
1074 601 1113 630 e.
1144 585 1402 631 discernere
1412 619 1427 643 ,
1464 584 1760 647 distinguere.
1806 585 1874 631 Cf.
1918 588 2092 643 Vnae„

396 662 526 716 Ecl„
558 677 632 718 vl,
660 660 736 708 35.

461 737 666 797 Segng'ser
698 736 757 799 (v.
786 736 916 800 460).
947 738 1022 782 Sic
1061 739 1204 798 vulgo
1244 736 1757 798 editur,.intempestive
1788 753 2009 798 prorsus,
2038 747 2092 783 ut

389 813 568 858 Wakef.
596 822 774 872 censet,
808 813 1032 874 quoniam
1055 813 1114 858 de
1146 813 1349 858 zodiaco
1372 829 1498 858 nunc
1525 829 1623 858 non
1651 822 1828 876 agatur.
1855 814 2007 872 Quam
2032 829 2088 858 ex
2115 866 2120 873 ,

388 890 598 948 plurimis
613 890 743 936 libris
757 890 959 935 restituit
973 890 1217 936 lectionem
1237 889 1418 950 zgrnifiem
1440 889 1504 935 sic
1528 889 1725 950 explicat
1742 906 1752 934 :
1771 911 1790 932 «
1807 892 1912 951 Ipse
1927 891 2089 952 igneus

387 967 558 1010 multos
582 967 695 1011 alios
720 966 850 1027 ignes
880 967 1016 1010 etiam
1044 982 1200 1011 secum
1229 966 1429 1010 abstulit.
1457 986 1476 1006 »

458 1043 652 1085 Radiati
670 1039 731 1104 (v.
768 1040 899 1103 463).
931 1044 968 1085 Ι.
1000 1057 1038 1085 e.
1067 1041 1208 1085 radiis
1229 1041 1464 1097 instructi,
1487 1041 1562 1086 vel
1581 1038 1739 1086 radios
1760 1040 2021 1087 emittentis.

453 1115 693 1173 Dffusl'll’s
721 1114 788 1178 (v.
820 1116 952 1177 468).
979 1115 1098 1172 Ᾰπαξ
1127 1123 1335 1179 λεγόμενον
1363 1116 1563 1161 videtur.

458 1193 603 1236 Anido
625 1193 871 1251 complexu
895 1190 954 1253 (v.
982 1189 1108 1254 471).
1133 1191 1208 1236 Sic
1233 1191 1370 1236 etiam
1392 1207 1454 1248 11,
1487 1190 1623 1238 1065.
1654 1190 1775 1236 Vide
1801 1206 1942 1251 supra
1963 1192 2025 1237 ad
2044 1208 2090 1250 v,

391 1280 497 1310 202.

454 1344 627 1388 Versus
645 1350 735 1401 472
761 1352 807 1388 et
831 1343 922 1402 473
947 1343 1011 1389 sic
1035 1342 1275 1388 constituit
1295 1341 1476 1389 Wakef.
1507 1356 1521 1385 ε

558 1463 674 1501 Hunc
695 1460 857 1501 exordia
873 1468 963 1500 sunt
985 1460 1073 1500 solis
1090 1461 1268 1514 lunaeque
1286 1467 1436 1507 secuta,
1460 1466 1500 1499 et

559 1533 668 1570 Inter
691 1539 871 1583 utrasque
894 1530 999 1583 globi
1022 1544 1188 1584 quorum
1208 1537 1414 1570 vertuntur
1434 1528 1479 1568 in
1501 1527 1619 1569 auris.

383 1652 437 1693 Τὸ
462 1654 681 1706 utrasque
706 1646 965 1708 generalius
993 1662 1164 1691 nomen
1197 1644 1385 1704 respicit
1415 1643 1524 1689 solis
1549 1652 1596 1690 et
1627 1644 1770 1702 lunae,
1799 1646 1963 1689 stellas
1991 1644 2082 1690 sci--

381 1721 503 1766 licet.

455 1798 540 1841 His
585 1799 726 1859 igitur
755 1798 889 1842 rebus
916 1796 1159 1859 (videlicet
1192 1798 1387 1855 aethere,
1417 1797 1535 1854 sole,
1564 1797 1700 1854 luna,
1735 1792 1855 1857 etc.)
1889 1797 2089 1841 retracti.

386 1869 443 1932 (v.
481 1870 606 1936 481).
633 1876 668 1918 Ι.
699 1889 736 1918 e.
763 1873 1024 1934 segregatis.

449 1947 656 2006 Sufficlit
676 1948 737 2012 (v.
766 1947 897 2011 483).
924 1949 998 1993 Sic
1027 1948 1206 1995 Wakef.
1232 1965 1338 1993 cum
1365 1947 1577 2008 plurimis
1599 1947 1744 1993 libris.
1766 1948 1897 1993 Hauc
1916 1945 2083 1990 lectio-

382 2038 491 2067 nem
514 2025 652 2069 etiam
686 2026 993 2084 comprobare
1014 2024 1202 2070 videtur
1222 2025 1477 2081 Plutarch,
1500 2025 1560 2068 de
1584 2026 1656 2070 Pl.
1672 2023 1797 2085 phil.
1826 2038 1869 2079 1,
1904 2027 1931 2076 4
1964 2037 1974 2065 :
2000 2032 2087 2070 καθ’

393 2107 489 2148 αὑτὸ
514 2108 559 2148 τὸ
576 2104 680 2165 ὕδωρ
705 2107 884 2151 ὑποστὰν
909 2108 1084 2150 ἐκοίλαινε
1106 2108 1195 2156 τοὺς
1219 2109 1496 2164 ὑποκειμένους
1517 2108 1671 2155 τόπους.

447 2173 508 2238 (v.
538 2175 665 2240 484.)
697 2197 717 2218 «
744 2180 852 2234 Quo
884 2177 1029 2238 magis
1066 2176 1170 2222 coeli
1194 2178 1321 2222 calor
1343 2186 1389 2221 et
1419 2176 1539 2221 radii
1568 2175 1676 2221 solis
1710 2172 1886 2219 crebris
1919 2171 2088 2218 ictibus

381 2252 593 2313 undique
625 2254 880 2298 trudebant
906 2269 1068 2298 versus
1099 2262 1310 2299 centrum
1330 2253 1580 2314 particulas
1608 2261 1743 2317 terrae
1769 2249 1831 2295 ad
1863 2257 2087 2298 extremas

381 2343 490 2372 oras
523 2330 679 2374 multis
714 2319 844 2389 poris
874 2338 921 2374 et
948 2329 1176 2375 meatibus
1200 2329 1396 2388 hiantis,
1425 2338 1479 2374 ut
1513 2328 1659 2390 pulsis
1685 2342 1846 2374 versus
1880 2325 2087 2371 medium

378 2403 618 2463 particulis
653 2405 786 2450 fieret
815 2422 985 2466 corpus
1015 2407 1200 2452 densius
1233 2417 1279 2452 et
1319 2407 1464 2469 magis
1494 2413 1816 2467 compactum,
1853 2419 1910 2448 eo
1941 2402 2086 2463 magis

380 2481 522 2526 salsus
544 2481 704 2542 liquor
721 2483 780 2528 de
801 2498 1001 2542 corpore
1020 2482 1120 2541 ejus
1142 2499 1384 2544 expressus
1398 2482 1592 2529 fluendo
1606 2498 1734 2528 mare
1757 2472 2046 2526 extendebat.
2064 2497 2085 2517 ³>

1778 2559 1987 2602 Cnmcn.

449 2635 740 2695 Campos-que
755 2646 971 2682 natantes
986 2635 1046 2700 (v.
1065 2635 1200 2701 489).
1225 2638 1292 2682 cf.
1311 2639 1472 2694 Vnae„
1493 2637 1654 2697 Georg.
1668 2668 1684 2689 ‚
1709 2650 1794 2691 111,
1822 2631 1934 2692 1983
1957 2633 2080 2685 AEn.,

380 2728 460 2769 w,
484 2716 603 2769 7243
634 2728 733 2769 vu,
758 2712 874 2773 6953
899 2712 1023 2772 C1c.,
1048 2716 1204 2771 Arat.,
1240 2712 1343 2773 195.

446 2786 742 2851 Sidebant·(v.
770 2790 896 2853 493).
919 2793 955 2836 Ι.
981 2808 1019 2837 e.
1044 2791 1368 2847 subsidebant,
1389 2797 1443 2834 ut
1457 2789 1632 2848 saepius.
1651 2787 1758 2834 Vid.
1776 2789 1938 2843 Vno„
1955 2790 2079 2843 AEn.,

379 2880 456 2922 π,
480 2865 603 2922 2033
632 2868 893 2926 Pnorssn‘r„
920 2884 981 2926 11,
1018 2884 1097 2925 11,
1121 2867 1209 2926 303
1237 2868 1381 2923 Nn„
1418 2865 1611 2920 Chabr.‚
1641 2870 1682 2918 4.

451 2941 582 2987 Ceno
612 2944 777 3003 impete
811 2940 872 3006 (v.
906 2942 1040 3007 506).
1074 2946 1111 2990 Ι.
1142 2960 1182 2989 e.
1217 2945 1358 2988 aether
1385 2958 1491 2987 cum
1511 2941 1605 2987 suis
1636 2940 1868 2987 sideribus
1901 2956 2081 3001 semper

378 3017 761 3064 circumvolvitur
789 3020 1007 3081 aequabili
1038 3029 1198 3065 rotatu
1212 3054 1225 3077 ‚
1262 3035 1315 3065 ac
1346 3018 1485 3064 nullis
1526 3017 1949 3078 interruptionibus
1984 3017 2076 3062 ob-

378 3095 539 3140 noxio.

451 3172 590 3215 Ponti
605 3170 669 3235 ‘'(v.
696 3170 788 3217 508
800 3170 831 3236 ).
848 3172 922 3218 Sic
944 3175 1102 3235 vulgo,
1122 3173 1301 3221 Wakef.
1317 3188 1377 3219 ex
1399 3171 1615 3217 omnibus
1637 3170 1977 3231 exemplaribus
1998 3182 2076 3212 re—

385 3245 532 3291 stituit
562 3249 734 3305 Ponto,
765 3249 793 3294 i.
822 3266 860 3295 e.
885 3251 931 3295 in
962 3252 1126 3296 PontO.
