<?xml version="1.0" encoding="UTF-8"?>
<!DOCTYPE html PUBLIC "-//W3C//DTD XHTML 1.0 Transitional//EN"
    "http://www.w3.org/TR/xhtml1/DTD/xhtml1-transitional.dtd">
<html xmlns="http://www.w3.org/1999/xhtml" xml:lang="en" lang="en">
 <head>
  <title>
</title>
<meta http-equiv="Content-Type" content="text/html;charset=utf-8" />
  <meta name='ocr-system' content='tesseract 3.04.00' />
  <meta name='ocr-capabilities' content='ocr_page ocr_carea ocr_par ocr_line ocrx_word'/>
</head>
<body>
  <div class='ocr_page' id='page_1' title='image "./dererumnaturali00lucruoft_0046.png"; bbox 0 0 2340 3926; ppageno 0'>
   <div class='ocr_carea' id='block_1_1' title="bbox 373 299 2127 350">
    <p class='ocr_par' dir='ltr' id='par_1_1' title="bbox 373 299 2127 350">
     <span class='ocr_line' id='line_1_1' title="bbox 373 299 2127 350; baseline 0.002 -2"><span class='ocrx_word' id='word_1_1' title='bbox 373 305 430 349; x_wconf 78' lang='lat'>26</span> <span class='ocrx_word' id='word_1_2' title='bbox 937 306 988 348; x_wconf 91' lang='lat' dir='ltr'>T.</span> <span class='ocrx_word' id='word_1_3' title='bbox 1028 305 1317 350; x_wconf 86' lang='lat' dir='ltr'>LUCRETII</span> <span class='ocrx_word' id='word_1_4' title='bbox 1355 303 1493 347; x_wconf 87' lang='lat' dir='ltr'>CARI</span> <span class='ocrx_word' id='word_1_5' title='bbox 1880 299 2057 350; x_wconf 68' lang='lat' dir='ltr'><strong>(V-740·)</strong></span> <span class='ocrx_word' id='word_1_6' title='bbox 2122 344 2127 350; x_wconf 94' lang='lat'><strong>.</strong></span> 
     </span>
    </p>
   </div>
   <div class='ocr_carea' id='block_1_2' title="bbox 351 401 2032 3349">
    <p class='ocr_par' dir='ltr' id='par_1_2' title="bbox 351 401 2032 2158">
     <span class='ocr_line' id='line_1_2' title="bbox 370 401 1912 484; baseline -0.006 -20"><span class='ocrx_word' id='word_1_7' title='bbox 370 408 593 484; x_wconf 82' lang='lat' dir='ltr'>Pythia,</span> <span class='ocrx_word' id='word_1_8' title='bbox 624 427 740 483; x_wconf 86' lang='lat' dir='ltr'>quae</span> <span class='ocrx_word' id='word_1_9' title='bbox 769 406 982 483; x_wconf 84' lang='lat' dir='ltr'><strong>tripode</strong></span> <span class='ocrx_word' id='word_1_10' title='bbox 1010 428 1076 463; x_wconf 83' lang='lat' dir='ltr'>ex</span> <span class='ocrx_word' id='word_1_11' title='bbox 1102 409 1314 478; x_wconf 82' lang='lat' dir='ltr'><strong>Phoebi,</strong></span> <span class='ocrx_word' id='word_1_12' title='bbox 1342 406 1599 482; x_wconf 86' lang='lat' dir='ltr'>lauroque</span> <span class='ocrx_word' id='word_1_13' title='bbox 1629 401 1873 481; x_wconf 89' lang='lat' dir='ltr'>profatur</span> <span class='ocrx_word' id='word_1_14' title='bbox 1896 421 1912 469; x_wconf 88' lang='lat'>;</span> 
     </span>
     <span class='ocr_line' id='line_1_3' title="bbox 374 505 1607 583; baseline -0.002 -22"><span class='ocrx_word' id='word_1_15' title='bbox 374 507 654 583; x_wconf 87' lang='lat' dir='ltr'>Principiis</span> <span class='ocrx_word' id='word_1_16' title='bbox 683 517 864 560; x_wconf 89' lang='lat' dir='ltr'>tamen</span> <span class='ocrx_word' id='word_1_17' title='bbox 895 507 952 560; x_wconf 93' lang='lat' dir='ltr'>in</span> <span class='ocrx_word' id='word_1_18' title='bbox 982 526 1165 562; x_wconf 87' lang='lat' dir='ltr'>rerum</span> <span class='ocrx_word' id='word_1_19' title='bbox 1194 507 1366 561; x_wconf 88' lang='lat' dir='ltr'>fecere</span> <span class='ocrx_word' id='word_1_20' title='bbox 1393 505 1607 573; x_wconf 86' lang='lat' dir='ltr'>ruinas,</span> 
     </span>
     <span class='ocr_line' id='line_1_4' title="bbox 372 603 1681 685; baseline -0.004 -25"><span class='ocrx_word' id='word_1_21' title='bbox 372 608 441 660; x_wconf 89' lang='lat' dir='ltr'>Et</span> <span class='ocrx_word' id='word_1_22' title='bbox 468 607 704 681; x_wconf 84' lang='lat' dir='ltr'>graviter</span> <span class='ocrx_word' id='word_1_23' title='bbox 731 605 913 685; x_wconf 80' lang='lat' dir='ltr'>magni</span> <span class='ocrx_word' id='word_1_24' title='bbox 943 624 1143 680; x_wconf 86' lang='lat' dir='ltr'>magno</span> <span class='ocrx_word' id='word_1_25' title='bbox 1171 603 1407 660; x_wconf 79' lang='lat' dir='ltr'>cecidere</span> <span class='ocrx_word' id='word_1_26' title='bbox 1435 604 1509 658; x_wconf 93' lang='lat' dir='ltr'>ibi</span> <span class='ocrx_word' id='word_1_27' title='bbox 1539 623 1681 672; x_wconf 87' lang='lat' dir='ltr'>casu.</span> 
     </span>
     <span class='ocr_line' id='line_1_5' title="bbox 449 700 1818 779; baseline -0.004 -20"><span class='ocrx_word' id='word_1_28' title='bbox 449 706 692 759; x_wconf 88' lang='lat' dir='ltr'>Primum</span> <span class='ocrx_word' id='word_1_29' title='bbox 710 747 724 775; x_wconf 89' lang='lat'><strong><em>‚</em></strong></span> <span class='ocrx_word' id='word_1_30' title='bbox 756 703 903 779; x_wconf 91' lang='lat' dir='ltr'>quod</span> <span class='ocrx_word' id='word_1_31' title='bbox 931 714 1113 759; x_wconf 90' lang='lat' dir='ltr'>motus</span> <span class='ocrx_word' id='word_1_32' title='bbox 1131 745 1146 775; x_wconf 84' lang='lat'>‚</span> <span class='ocrx_word' id='word_1_33' title='bbox 1177 714 1428 779; x_wconf 85' lang='lat' dir='ltr'>exempto</span> <span class='ocrx_word' id='word_1_34' title='bbox 1456 702 1614 757; x_wconf 89' lang='lat' dir='ltr'>rebus</span> <span class='ocrx_word' id='word_1_35' title='bbox 1642 700 1818 768; x_wconf 83' lang='lat' dir='ltr'>inani,</span> 
     </span>
     <span class='ocr_line' id='line_1_6' title="bbox 374 799 1819 877; baseline -0.004 -19"><span class='ocrx_word' id='word_1_36' title='bbox 374 804 755 874; x_wconf 85' lang='lat' dir='ltr'>Constituunt‚</span> <span class='ocrx_word' id='word_1_37' title='bbox 787 815 841 858; x_wconf 91' lang='lat' dir='ltr'>et</span> <span class='ocrx_word' id='word_1_38' title='bbox 868 823 953 858; x_wconf 90' lang='lat' dir='ltr'>res</span> <span class='ocrx_word' id='word_1_39' title='bbox 981 802 1170 858; x_wconf 90' lang='lat' dir='ltr'>molles</span> <span class='ocrx_word' id='word_1_40' title='bbox 1197 820 1450 877; x_wconf 82' lang='lat' dir='ltr'>rarasque</span> <span class='ocrx_word' id='word_1_41' title='bbox 1480 799 1819 875; x_wconf 87' lang='lat' dir='ltr'>relinquunt,</span> 
     </span>
     <span class='ocr_line' id='line_1_7' title="bbox 378 898 1795 977; baseline -0.002 -22"><span class='ocrx_word' id='word_1_42' title='bbox 378 904 513 957; x_wconf 79' lang='lat' dir='ltr'>Aera</span> <span class='ocrx_word' id='word_1_43' title='bbox 531 943 545 970; x_wconf 93' lang='lat'>‚</span> <span class='ocrx_word' id='word_1_44' title='bbox 577 899 743 956; x_wconf 93' lang='lat' dir='ltr'>solem</span> <span class='ocrx_word' id='word_1_45' title='bbox 761 944 776 970; x_wconf 88' lang='lat'><strong><em>‚</em></strong></span> <span class='ocrx_word' id='word_1_46' title='bbox 805 902 1012 977; x_wconf 83' lang='lat' dir='ltr'>ignem,</span> <span class='ocrx_word' id='word_1_47' title='bbox 1041 913 1211 956; x_wconf 87' lang='lat' dir='ltr'>terras</span> <span class='ocrx_word' id='word_1_48' title='bbox 1229 943 1243 971; x_wconf 86' lang='lat'>‚</span> <span class='ocrx_word' id='word_1_49' title='bbox 1273 898 1558 968; x_wconf 82' lang='lat' dir='ltr'>animalia,</span> <span class='ocrx_word' id='word_1_50' title='bbox 1607 917 1795 974; x_wconf 82' lang='lat' dir='ltr'>ruges‚</span> 
     </span>
     <span class='ocr_line' id='line_1_8' title="bbox 377 997 1759 1074; baseline -0.004 -20"><span class='ocrx_word' id='word_1_51' title='bbox 377 999 489 1054; x_wconf 92' lang='lat' dir='ltr'>Nec</span> <span class='ocrx_word' id='word_1_52' title='bbox 519 1010 700 1054; x_wconf 88' lang='lat' dir='ltr'>tamen</span> <span class='ocrx_word' id='word_1_53' title='bbox 730 999 1024 1055; x_wconf 86' lang='lat' dir='ltr'>admiscent</span> <span class='ocrx_word' id='word_1_54' title='bbox 1053 1000 1110 1054; x_wconf 90' lang='lat' dir='ltr'>in</span> <span class='ocrx_word' id='word_1_55' title='bbox 1139 1020 1328 1055; x_wconf 92' lang='lat' dir='ltr'>eorum</span> <span class='ocrx_word' id='word_1_56' title='bbox 1358 1014 1557 1074; x_wconf 90' lang='lat' dir='ltr'>corpus</span> <span class='ocrx_word' id='word_1_57' title='bbox 1584 997 1759 1052; x_wconf 81' lang='lat' dir='ltr'>inane.</span> 
     </span>
     <span class='ocr_line' id='line_1_9' title="bbox 452 1094 1833 1172; baseline -0.001 -19"><span class='ocrx_word' id='word_1_58' title='bbox 452 1097 660 1153; x_wconf 90' lang='lat' dir='ltr'>Deinde</span> <span class='ocrx_word' id='word_1_59' title='bbox 689 1097 836 1172; x_wconf 91' lang='lat' dir='ltr'>quod</span> <span class='ocrx_word' id='word_1_60' title='bbox 865 1099 1088 1153; x_wconf 89' lang='lat' dir='ltr'>omnino</span> <span class='ocrx_word' id='word_1_61' title='bbox 1120 1098 1281 1153; x_wconf 90' lang='lat' dir='ltr'>finem</span> <span class='ocrx_word' id='word_1_62' title='bbox 1310 1118 1419 1152; x_wconf 90' lang='lat' dir='ltr'>non</span> <span class='ocrx_word' id='word_1_63' title='bbox 1449 1117 1566 1151; x_wconf 82' lang='lat' dir='ltr'>esse</span> <span class='ocrx_word' id='word_1_64' title='bbox 1592 1094 1833 1153; x_wconf 80' lang='lat' dir='ltr'>secandis</span> 
     </span>
     <span class='ocr_line' id='line_1_10' title="bbox 375 1193 1849 1272; baseline -0.003 -21"><span class='ocrx_word' id='word_1_65' title='bbox 375 1197 704 1270; x_wconf 86' lang='lat' dir='ltr'>Corporibus</span> <span class='ocrx_word' id='word_1_66' title='bbox 734 1196 941 1251; x_wconf 88' lang='lat' dir='ltr'>faciunt</span> <span class='ocrx_word' id='word_1_67' title='bbox 959 1239 973 1266; x_wconf 87' lang='lat'>‚</span> <span class='ocrx_word' id='word_1_68' title='bbox 1004 1217 1177 1271; x_wconf 90' lang='lat' dir='ltr'>neque</span> <span class='ocrx_word' id='word_1_69' title='bbox 1208 1217 1429 1272; x_wconf 87' lang='lat' dir='ltr'>pausam</span> <span class='ocrx_word' id='word_1_70' title='bbox 1457 1207 1610 1265; x_wconf 62' lang='lat' dir='ltr'>stare*</span> <span class='ocrx_word' id='word_1_71' title='bbox 1625 1193 1849 1270; x_wconf 84' lang='lat' dir='ltr'>fragori,</span> 
     </span>
     <span class='ocr_line' id='line_1_11' title="bbox 375 1289 2032 1368; baseline -0.004 -18"><span class='ocrx_word' id='word_1_72' title='bbox 375 1296 492 1350; x_wconf 89' lang='lat' dir='ltr'>Nec</span> <span class='ocrx_word' id='word_1_73' title='bbox 521 1314 772 1368; x_wconf 91' lang='lat' dir='ltr'>prorsum</span> <span class='ocrx_word' id='word_1_74' title='bbox 801 1295 858 1347; x_wconf 92' lang='lat' dir='ltr'>in</span> <span class='ocrx_word' id='word_1_75' title='bbox 887 1295 1046 1349; x_wconf 92' lang='lat' dir='ltr'>rebus</span> <span class='ocrx_word' id='word_1_76' title='bbox 1075 1295 1362 1348; x_wconf 91' lang='lat' dir='ltr'>minimum</span> <span class='ocrx_word' id='word_1_77' title='bbox 1390 1295 1681 1349; x_wconf 82' lang='lat' dir='ltr'>consistere</span> <span class='ocrx_word' id='word_1_78' title='bbox 1711 1289 2032 1365; x_wconf 79' lang='lat' dir='ltr'>quidquam3</span> 
     </span>
     <span class='ocr_line' id='line_1_12' title="bbox 376 1391 1864 1465; baseline -0.002 -20"><span class='ocrx_word' id='word_1_79' title='bbox 376 1393 567 1463; x_wconf 87' lang='lat' dir='ltr'>Quum</span> <span class='ocrx_word' id='word_1_80' title='bbox 593 1391 871 1450; x_wconf 79' lang='lat' dir='ltr'>videamus</span> <span class='ocrx_word' id='word_1_81' title='bbox 898 1391 956 1445; x_wconf 87' lang='lat' dir='ltr'>id</span> <span class='ocrx_word' id='word_1_82' title='bbox 984 1403 1287 1445; x_wconf 74' lang='lat' dir='ltr'>extremum</span> <span class='ocrx_word' id='word_1_83' title='bbox 1314 1392 1577 1465; x_wconf 82' lang='lat' dir='ltr'>cujusque</span> <span class='ocrx_word' id='word_1_84' title='bbox 1605 1406 1864 1444; x_wconf 76' lang='lat' dir='ltr'>cacumen</span> 
     </span>
     <span class='ocr_line' id='line_1_13' title="bbox 375 1485 2013 1565; baseline -0.005 -18"><span class='ocrx_word' id='word_1_85' title='bbox 375 1492 530 1560; x_wconf 84' lang='lat' dir='ltr'>Esse,</span> <span class='ocrx_word' id='word_1_86' title='bbox 560 1489 708 1565; x_wconf 92' lang='lat' dir='ltr'>quod</span> <span class='ocrx_word' id='word_1_87' title='bbox 736 1490 806 1546; x_wconf 91' lang='lat' dir='ltr'>ad</span> <span class='ocrx_word' id='word_1_88' title='bbox 835 1511 1021 1545; x_wconf 91' lang='lat' dir='ltr'>sensus</span> <span class='ocrx_word' id='word_1_89' title='bbox 1051 1501 1263 1544; x_wconf 88' lang='lat' dir='ltr'>nostros</span> <span class='ocrx_word' id='word_1_90' title='bbox 1291 1489 1579 1543; x_wconf 91' lang='lat' dir='ltr'>minimum</span> <span class='ocrx_word' id='word_1_91' title='bbox 1609 1506 1721 1542; x_wconf 91' lang='lat' dir='ltr'>esse</span> <span class='ocrx_word' id='word_1_92' title='bbox 1749 1485 1966 1541; x_wconf 85' lang='lat' dir='ltr'>videtur</span> <span class='ocrx_word' id='word_1_93' title='bbox 2003 1507 2013 1538; x_wconf 90' lang='lat'><strong>:</strong></span> 
     </span>
     <span class='ocr_line' id='line_1_14' title="bbox 375 1584 1957 1664; baseline -0.004 -20"><span class='ocrx_word' id='word_1_94' title='bbox 375 1590 662 1664; x_wconf 89' lang='lat' dir='ltr'>Conjicere</span> <span class='ocrx_word' id='word_1_95' title='bbox 692 1601 754 1644; x_wconf 88' lang='lat' dir='ltr'>ut</span> <span class='ocrx_word' id='word_1_96' title='bbox 782 1590 953 1664; x_wconf 91' lang='lat' dir='ltr'>possis</span> <span class='ocrx_word' id='word_1_97' title='bbox 983 1609 1048 1643; x_wconf 86' lang='lat' dir='ltr'>ex</span> <span class='ocrx_word' id='word_1_98' title='bbox 1075 1589 1208 1655; x_wconf 84' lang='lat' dir='ltr'>hoc,</span> <span class='ocrx_word' id='word_1_99' title='bbox 1237 1587 1386 1663; x_wconf 92' lang='lat' dir='ltr'>quod</span> <span class='ocrx_word' id='word_1_100' title='bbox 1415 1606 1634 1642; x_wconf 88' lang='lat' dir='ltr'>cernere</span> <span class='ocrx_word' id='word_1_101' title='bbox 1665 1605 1775 1641; x_wconf 92' lang='lat' dir='ltr'>non</span> <span class='ocrx_word' id='word_1_102' title='bbox 1805 1584 1926 1659; x_wconf 90' lang='lat' dir='ltr'>quis</span> <span class='ocrx_word' id='word_1_103' title='bbox 1944 1627 1957 1654; x_wconf 89' lang='lat'>‚</span> 
     </span>
     <span class='ocr_line' id='line_1_15' title="bbox 374 1684 1980 1763; baseline -0.003 -19"><span class='ocrx_word' id='word_1_104' title='bbox 374 1692 694 1745; x_wconf 84' lang='lat' dir='ltr'>Extremum</span> <span class='ocrx_word' id='word_1_105' title='bbox 724 1687 872 1763; x_wconf 91' lang='lat' dir='ltr'>quod</span> <span class='ocrx_word' id='word_1_106' title='bbox 901 1688 1132 1757; x_wconf 83' lang='lat' dir='ltr'>habent,</span> <span class='ocrx_word' id='word_1_107' title='bbox 1163 1687 1451 1741; x_wconf 88' lang='lat' dir='ltr'>minimum</span> <span class='ocrx_word' id='word_1_108' title='bbox 1480 1686 1773 1741; x_wconf 88' lang='lat' dir='ltr'>consistere</span> <span class='ocrx_word' id='word_1_109' title='bbox 1802 1684 1980 1740; x_wconf 87' lang='lat' dir='ltr'>rebus.</span> 
     </span>
     <span class='ocr_line' id='line_1_16' title="bbox 452 1784 1848 1861; baseline -0.002 -19"><span class='ocrx_word' id='word_1_110' title='bbox 452 1791 573 1843; x_wconf 92' lang='lat' dir='ltr'>Huc</span> <span class='ocrx_word' id='word_1_111' title='bbox 602 1787 808 1842; x_wconf 89' lang='lat' dir='ltr'>accedit</span> <span class='ocrx_word' id='word_1_112' title='bbox 835 1788 993 1858; x_wconf 84' lang='lat' dir='ltr'>item,</span> <span class='ocrx_word' id='word_1_113' title='bbox 1025 1785 1172 1861; x_wconf 91' lang='lat' dir='ltr'>quod</span> <span class='ocrx_word' id='word_1_114' title='bbox 1195 1786 1309 1861; x_wconf 86' lang='lat' dir='ltr'>jam</span> <span class='ocrx_word' id='word_1_115' title='bbox 1339 1784 1637 1861; x_wconf 89' lang='lat' dir='ltr'>primordia</span> <span class='ocrx_word' id='word_1_116' title='bbox 1665 1805 1848 1840; x_wconf 86' lang='lat' dir='ltr'>rerum</span> 
     </span>
     <span class='ocr_line' id='line_1_17' title="bbox 351 1883 1735 1960; baseline -0.002 -20"><span class='ocrx_word' id='word_1_117' title='bbox 351 1884 563 1940; x_wconf 86' lang='lat' dir='ltr'>Mollia</span> <span class='ocrx_word' id='word_1_118' title='bbox 593 1886 934 1940; x_wconf 89' lang='lat' dir='ltr'>constituunt</span> <span class='ocrx_word' id='word_1_119' title='bbox 951 1927 966 1956; x_wconf 86' lang='lat'>‚</span> <span class='ocrx_word' id='word_1_120' title='bbox 995 1905 1115 1960; x_wconf 86' lang='lat' dir='ltr'>quae</span> <span class='ocrx_word' id='word_1_121' title='bbox 1144 1904 1244 1939; x_wconf 91' lang='lat' dir='ltr'>nos</span> <span class='ocrx_word' id='word_1_122' title='bbox 1274 1884 1459 1938; x_wconf 84' lang='lat' dir='ltr'>nativa</span> <span class='ocrx_word' id='word_1_123' title='bbox 1487 1883 1735 1938; x_wconf 84' lang='lat' dir='ltr'>videmus</span> 
     </span>
     <span class='ocr_line' id='line_1_18' title="bbox 374 1982 1766 2060; baseline -0.002 -22"><span class='ocrx_word' id='word_1_124' title='bbox 374 1986 529 2054; x_wconf 80' lang='lat' dir='ltr'>Esse,</span> <span class='ocrx_word' id='word_1_125' title='bbox 561 1996 615 2040; x_wconf 91' lang='lat' dir='ltr'>et</span> <span class='ocrx_word' id='word_1_126' title='bbox 645 1983 864 2039; x_wconf 87' lang='lat' dir='ltr'>mortali</span> <span class='ocrx_word' id='word_1_127' title='bbox 894 2005 1020 2040; x_wconf 90' lang='lat' dir='ltr'>cum</span> <span class='ocrx_word' id='word_1_128' title='bbox 1051 2004 1280 2060; x_wconf 89' lang='lat' dir='ltr'>corpore</span> <span class='ocrx_word' id='word_1_129' title='bbox 1309 1982 1588 2052; x_wconf 89' lang='lat' dir='ltr'>funditus;</span> <span class='ocrx_word' id='word_1_130' title='bbox 1618 1982 1766 2056; x_wconf 82' lang='lat' dir='ltr'>atqui</span> 
     </span>
     <span class='ocr_line' id='line_1_19' title="bbox 375 2080 1786 2158; baseline -0.004 -20"><span class='ocrx_word' id='word_1_131' title='bbox 375 2083 584 2138; x_wconf 90' lang='lat' dir='ltr'>Debeat</span> <span class='ocrx_word' id='word_1_132' title='bbox 612 2083 682 2138; x_wconf 91' lang='lat' dir='ltr'>ad</span> <span class='ocrx_word' id='word_1_133' title='bbox 710 2082 938 2138; x_wconf 90' lang='lat' dir='ltr'>nihilum</span> <span class='ocrx_word' id='word_1_134' title='bbox 966 2084 1079 2158; x_wconf 88' lang='lat' dir='ltr'>jam</span> <span class='ocrx_word' id='word_1_135' title='bbox 1109 2103 1293 2137; x_wconf 89' lang='lat' dir='ltr'>rerum</span> <span class='ocrx_word' id='word_1_136' title='bbox 1321 2101 1534 2137; x_wconf 85' lang='lat' dir='ltr'>summa</span> <span class='ocrx_word' id='word_1_137' title='bbox 1562 2080 1786 2147; x_wconf 84' lang='lat' dir='ltr'>reverti,</span> 
     </span>
    </p>

    <p class='ocr_par' dir='ltr' id='par_1_3' title="bbox 376 2180 1979 2453">
     <span class='ocr_line' id='line_1_20' title="bbox 377 2180 1727 2256; baseline -0.003 -20"><span class='ocrx_word' id='word_1_138' title='bbox 377 2184 462 2236; x_wconf 93' lang='lat' dir='ltr'>De</span> <span class='ocrx_word' id='word_1_139' title='bbox 490 2180 771 2256; x_wconf 88' lang='lat' dir='ltr'>nihiloque</span> <span class='ocrx_word' id='word_1_140' title='bbox 800 2194 988 2236; x_wconf 85' lang='lat' dir='ltr'>renata</span> <span class='ocrx_word' id='word_1_141' title='bbox 1017 2183 1284 2236; x_wconf 84' lang='lat' dir='ltr'>virescere</span> <span class='ocrx_word' id='word_1_142' title='bbox 1315 2182 1471 2256; x_wconf 91' lang='lat' dir='ltr'>copia</span> <span class='ocrx_word' id='word_1_143' title='bbox 1500 2200 1686 2235; x_wconf 89' lang='lat' dir='ltr'>rerum</span> <span class='ocrx_word' id='word_1_144' title='bbox 1716 2201 1727 2232; x_wconf 91' lang='lat'>:</span> 
     </span>
     <span class='ocr_line' id='line_1_21' title="bbox 376 2276 1979 2355; baseline -0.003 -21"><span class='ocrx_word' id='word_1_145' title='bbox 376 2282 630 2352; x_wconf 86' lang='lat' dir='ltr'>Quorum</span> <span class='ocrx_word' id='word_1_146' title='bbox 660 2293 956 2355; x_wconf 87' lang='lat' dir='ltr'>utrumque</span> <span class='ocrx_word' id='word_1_147' title='bbox 985 2279 1118 2354; x_wconf 90' lang='lat' dir='ltr'>quid</span> <span class='ocrx_word' id='word_1_148' title='bbox 1147 2300 1178 2334; x_wconf 90' lang='lat' dir='ltr'>a</span> <span class='ocrx_word' id='word_1_149' title='bbox 1207 2299 1336 2334; x_wconf 88' lang='lat' dir='ltr'>vero</span> <span class='ocrx_word' id='word_1_150' title='bbox 1360 2281 1473 2355; x_wconf 91' lang='lat' dir='ltr'>jam</span> <span class='ocrx_word' id='word_1_151' title='bbox 1503 2278 1695 2349; x_wconf 82' lang='lat' dir='ltr'>distet,</span> <span class='ocrx_word' id='word_1_152' title='bbox 1727 2276 1979 2331; x_wconf 83' lang='lat' dir='ltr'>habebas.</span> 
     </span>
     <span class='ocr_line' id='line_1_22' title="bbox 454 2377 1914 2453; baseline -0.003 -19"><span class='ocrx_word' id='word_1_153' title='bbox 454 2380 663 2435; x_wconf 91' lang='lat' dir='ltr'>Deinde</span> <span class='ocrx_word' id='word_1_154' title='bbox 692 2380 909 2434; x_wconf 89' lang='lat' dir='ltr'>inimica</span> <span class='ocrx_word' id='word_1_155' title='bbox 937 2379 1111 2433; x_wconf 89' lang='lat' dir='ltr'>modis</span> <span class='ocrx_word' id='word_1_156' title='bbox 1140 2377 1327 2434; x_wconf 90' lang='lat' dir='ltr'>multis</span> <span class='ocrx_word' id='word_1_157' title='bbox 1355 2389 1483 2434; x_wconf 88' lang='lat' dir='ltr'>sunt</span> <span class='ocrx_word' id='word_1_158' title='bbox 1512 2389 1677 2453; x_wconf 89' lang='lat' dir='ltr'>atque</span> <span class='ocrx_word' id='word_1_159' title='bbox 1705 2396 1914 2431; x_wconf 89' lang='lat' dir='ltr'>venena</span> 
     </span>
    </p>

    <p class='ocr_par' dir='ltr' id='par_1_4' title="bbox 377 2476 1901 2652">
     <span class='ocr_line' id='line_1_23' title="bbox 377 2476 1901 2555; baseline -0.003 -21"><span class='ocrx_word' id='word_1_160' title='bbox 377 2483 501 2555; x_wconf 86' lang='lat' dir='ltr'>Ipsa</span> <span class='ocrx_word' id='word_1_161' title='bbox 531 2479 631 2533; x_wconf 88' lang='lat' dir='ltr'>sibi</span> <span class='ocrx_word' id='word_1_162' title='bbox 659 2479 802 2533; x_wconf 92' lang='lat' dir='ltr'>inter</span> <span class='ocrx_word' id='word_1_163' title='bbox 831 2498 915 2548; x_wconf 81' lang='lat' dir='ltr'>se3</span> <span class='ocrx_word' id='word_1_164' title='bbox 947 2497 1115 2552; x_wconf 87' lang='lat' dir='ltr'>quare</span> <span class='ocrx_word' id='word_1_165' title='bbox 1145 2488 1240 2531; x_wconf 88' lang='lat' dir='ltr'>aut</span> <span class='ocrx_word' id='word_1_166' title='bbox 1271 2497 1558 2553; x_wconf 87' lang='lat' dir='ltr'>congressa</span> <span class='ocrx_word' id='word_1_167' title='bbox 1587 2476 1844 2552; x_wconf 86' lang='lat' dir='ltr'>peribunt</span> <span class='ocrx_word' id='word_1_168' title='bbox 1896 2510 1901 2514; x_wconf 88' lang='lat'>·</span> 
     </span>
     <span class='ocr_line' id='line_1_24' title="bbox 380 2577 1668 2652; baseline -0.003 -18"><span class='ocrx_word' id='word_1_169' title='bbox 380 2582 495 2635; x_wconf 89' lang='lat' dir='ltr'>Aut</span> <span class='ocrx_word' id='word_1_170' title='bbox 524 2579 598 2632; x_wconf 85' lang='lat' dir='ltr'>ita</span> <span class='ocrx_word' id='word_1_171' title='bbox 628 2577 943 2652; x_wconf 82' lang='lat' dir='ltr'>diffugient,</span> <span class='ocrx_word' id='word_1_172' title='bbox 973 2588 1067 2646; x_wconf 81' lang='lat' dir='ltr'>ut,</span> <span class='ocrx_word' id='word_1_173' title='bbox 1099 2587 1418 2652; x_wconf 87' lang='lat' dir='ltr'>tempestate</span> <span class='ocrx_word' id='word_1_174' title='bbox 1449 2587 1668 2646; x_wconf 85' lang='lat' dir='ltr'>coorta,</span> 
     </span>
    </p>

    <p class='ocr_par' dir='ltr' id='par_1_5' title="bbox 379 2674 1990 2952">
     <span class='ocr_line' id='line_1_25' title="bbox 381 2674 1990 2753; baseline -0.004 -20"><span class='ocrx_word' id='word_1_175' title='bbox 381 2676 632 2733; x_wconf 88' lang='lat' dir='ltr'>Fulmina</span> <span class='ocrx_word' id='word_1_176' title='bbox 662 2675 950 2753; x_wconf 84' lang='lat' dir='ltr'>diffugere,</span> <span class='ocrx_word' id='word_1_177' title='bbox 982 2689 1147 2753; x_wconf 89' lang='lat' dir='ltr'>atque</span> <span class='ocrx_word' id='word_1_178' title='bbox 1174 2677 1373 2731; x_wconf 91' lang='lat' dir='ltr'>imbres</span> <span class='ocrx_word' id='word_1_179' title='bbox 1401 2688 1701 2751; x_wconf 83' lang='lat' dir='ltr'>ventosque</span> <span class='ocrx_word' id='word_1_180' title='bbox 1730 2674 1990 2728; x_wconf 88' lang='lat' dir='ltr'>videmus.</span> 
     </span>
     <span class='ocr_line' id='line_1_26' title="bbox 379 2777 1831 2853; baseline -0.003 -20"><span class='ocrx_word' id='word_1_181' title='bbox 379 2781 646 2843; x_wconf 82' lang='lat' dir='ltr'><strong>DENIQUE</strong></span> <span class='ocrx_word' id='word_1_182' title='bbox 676 2787 936 2853; x_wconf 87' lang='lat' dir='ltr'>quattuor</span> <span class='ocrx_word' id='word_1_183' title='bbox 965 2777 1222 2848; x_wconf 5' lang='lat' dir='ltr'>exprebus</span> <span class='ocrx_word' id='word_1_184' title='bbox 1254 2777 1298 2831; x_wconf 91' lang='lat' dir='ltr'>si</span> <span class='ocrx_word' id='word_1_185' title='bbox 1328 2787 1525 2831; x_wconf 88' lang='lat' dir='ltr'>cuncta</span> <span class='ocrx_word' id='word_1_186' title='bbox 1554 2785 1831 2841; x_wconf 79' lang='lat' dir='ltr'>creantur,</span> 
     </span>
     <span class='ocr_line' id='line_1_27' title="bbox 382 2872 1771 2952; baseline -0.004 -20"><span class='ocrx_word' id='word_1_187' title='bbox 382 2878 559 2952; x_wconf 85' lang='lat' dir='ltr'>Atque</span> <span class='ocrx_word' id='word_1_188' title='bbox 588 2876 645 2930; x_wconf 92' lang='lat' dir='ltr'>in</span> <span class='ocrx_word' id='word_1_189' title='bbox 672 2896 762 2932; x_wconf 89' lang='lat' dir='ltr'>eas</span> <span class='ocrx_word' id='word_1_190' title='bbox 790 2897 1012 2932; x_wconf 89' lang='lat' dir='ltr'>rursum</span> <span class='ocrx_word' id='word_1_191' title='bbox 1038 2896 1124 2931; x_wconf 91' lang='lat' dir='ltr'>res</span> <span class='ocrx_word' id='word_1_192' title='bbox 1153 2876 1336 2930; x_wconf 90' lang='lat' dir='ltr'>omnia</span> <span class='ocrx_word' id='word_1_193' title='bbox 1367 2872 1771 2940; x_wconf 88' lang='lat' dir='ltr'>dissolvuntur;</span> 
     </span>
    </p>

    <p class='ocr_par' dir='ltr' id='par_1_6' title="bbox 382 2971 1757 3051">
     <span class='ocr_line' id='line_1_28' title="bbox 382 2971 1757 3051; baseline -0.003 -21"><span class='ocrx_word' id='word_1_194' title='bbox 382 2976 495 3048; x_wconf 84' lang='lat' dir='ltr'>Qui</span> <span class='ocrx_word' id='word_1_195' title='bbox 523 2976 693 3051; x_wconf 86' lang='lat' dir='ltr'>magis</span> <span class='ocrx_word' id='word_1_196' title='bbox 723 2974 816 3032; x_wconf 85' lang='lat' dir='ltr'>illa</span> <span class='ocrx_word' id='word_1_197' title='bbox 845 2980 1263 3051; x_wconf 62' lang='lat' dir='ltr'>q&#39;i&#39;ieunmerum</span> <span class='ocrx_word' id='word_1_198' title='bbox 1294 2972 1591 3050; x_wconf 84' lang='lat' dir='ltr'>primordia</span> <span class='ocrx_word' id='word_1_199' title='bbox 1619 2971 1757 3040; x_wconf 87' lang='lat' dir='ltr'>dici,</span> 
     </span>
    </p>

    <p class='ocr_par' dir='ltr' id='par_1_7' title="bbox 383 3070 1717 3148">
     <span class='ocr_line' id='line_1_29' title="bbox 383 3070 1717 3148; baseline -0.004 -19"><span class='ocrx_word' id='word_1_200' title='bbox 383 3077 565 3146; x_wconf 84' lang='lat' dir='ltr'>Quam</span> <span class='ocrx_word' id='word_1_201' title='bbox 597 3087 787 3131; x_wconf 92' lang='lat' dir='ltr'>contra</span> <span class='ocrx_word' id='word_1_202' title='bbox 815 3095 902 3131; x_wconf 87' lang='lat' dir='ltr'>res</span> <span class='ocrx_word' id='word_1_203' title='bbox 930 3074 1149 3130; x_wconf 89' lang='lat' dir='ltr'>illorum</span> <span class='ocrx_word' id='word_1_204' title='bbox 1168 3117 1182 3146; x_wconf 86' lang='lat'>‚</span> <span class='ocrx_word' id='word_1_205' title='bbox 1212 3086 1467 3148; x_wconf 88' lang='lat' dir='ltr'>retroque</span> <span class='ocrx_word' id='word_1_206' title='bbox 1497 3070 1717 3148; x_wconf 81' lang='lat' dir='ltr'>putari?</span> 
     </span>
    </p>

    <p class='ocr_par' dir='ltr' id='par_1_8' title="bbox 383 3169 1800 3251">
     <span class='ocr_line' id='line_1_30' title="bbox 383 3169 1800 3251; baseline -0.004 -23"><span class='ocrx_word' id='word_1_207' title='bbox 383 3172 620 3228; x_wconf 85' lang='lat' dir='ltr'>Alternis</span> <span class='ocrx_word' id='word_1_208' title='bbox 652 3175 953 3251; x_wconf 84' lang='lat' dir='ltr'>gignuntur</span> <span class='ocrx_word' id='word_1_209' title='bbox 980 3175 1151 3245; x_wconf 85' lang='lat' dir='ltr'>enim,</span> <span class='ocrx_word' id='word_1_210' title='bbox 1184 3181 1507 3246; x_wconf 87' lang='lat' dir='ltr'>mutantque</span> <span class='ocrx_word' id='word_1_211' title='bbox 1534 3169 1800 3238; x_wconf 79' lang='lat' dir='ltr'>colorem,</span> 
     </span>
    </p>

    <p class='ocr_par' dir='ltr' id='par_1_9' title="bbox 386 3269 1756 3349">
     <span class='ocr_line' id='line_1_31' title="bbox 386 3269 1756 3349; baseline -0.002 -24"><span class='ocrx_word' id='word_1_212' title='bbox 386 3275 455 3326; x_wconf 88' lang='lat' dir='ltr'>Et</span> <span class='ocrx_word' id='word_1_213' title='bbox 483 3285 654 3328; x_wconf 84' lang='lat' dir='ltr'>totam</span> <span class='ocrx_word' id='word_1_214' title='bbox 685 3276 828 3330; x_wconf 87' lang='lat' dir='ltr'>inter</span> <span class='ocrx_word' id='word_1_215' title='bbox 857 3296 911 3330; x_wconf 91' lang='lat' dir='ltr'>se</span> <span class='ocrx_word' id='word_1_216' title='bbox 940 3287 1193 3330; x_wconf 88' lang='lat' dir='ltr'>naturam</span> <span class='ocrx_word' id='word_1_217' title='bbox 1223 3285 1469 3349; x_wconf 87' lang='lat' dir='ltr'>tempore</span> <span class='ocrx_word' id='word_1_218' title='bbox 1498 3272 1563 3326; x_wconf 86' lang='lat' dir='ltr'>ab</span> <span class='ocrx_word' id='word_1_219' title='bbox 1594 3269 1756 3325; x_wconf 90' lang='lat' dir='ltr'>omni.</span> 
     </span>
    </p>
   </div>
   <div class='ocr_carea' id='block_1_3' title="bbox 2320 2762 2340 3926">
    <p class='ocr_par' dir='ltr' id='par_1_10' title="bbox 2320 2762 2340 3926">
     <span class='ocr_line' id='line_1_32' title="bbox 2320 2762 2340 3926; baseline 0 0"><span class='ocrx_word' id='word_1_220' title='bbox 2320 2762 2340 3926; x_wconf 95' lang='lat' dir='ltr'> </span> 
     </span>
    </p>
   </div>
  </div>
 </body>
</html>
