2320 3866
373 265 465 311 286
984 264 1467 310 ADNOTATIONES

443 357 629 419 Quippe
657 373 826 418 sequar
846 355 908 421 (v.
933 356 1063 422 982).
1089 359 1159 404 Cf.
1184 361 1316 405 locus
1345 359 1624 417 simillimus,
1665 377 1682 404 1
1697 396 1710 418 ‚
1733 378 1841 423 979.

436 438 572 481 Feroe
599 433 661 499 (v.
685 434 813 498 994).
839 434 927 479 Hic
958 443 1004 479 et
1027 450 1071 479 v.
1103 434 1251 494 10753
1274 452 1340 495 iv,
1364 437 1483 496 688,
1498 445 1584 482 etc.
1605 472 1617 495 ,
1634 437 1694 482 de
1727 437 1943 484 omnibus
1962 441 2072 500 qui-

369 514 660 572 buscumque
682 511 954 556 animalibus
975 511 1348 573 intelligendum,
1374 522 1429 558 ut
1444 515 1571 575 apud
1594 514 1722 576 Virg.
1738 550 1751 572 ,
1769 517 1934 577 Geor-g.
1945 550 1961 572 ‚
1987 534 2049 563 111
2062 554 2074 575 ,

373 595 481 643 242.

436 667 492 711 V.
538 666 813 710 1001—1013
854 665 938 726 qui
974 665 1022 710 in
1053 666 1192 711 codd.
1226 675 1271 711 et
1306 666 1355 710 in
1384 667 1582 730 vulgatis
1608 668 1736 714 editt.
1762 668 1833 714 ita
1866 684 1913 714 se
1943 669 2073 714 exci—

368 741 826 801 piuntz1oo4-1o11
845 776 857 799 ,
887 743 1191 800 1001-1003,
1220 749 1340 797 1014
1355 778 1369 801 ,
1391 742 1508 789 1015
1523 779 1536 802 ,
1564 760 1681 790 1012
1697 781 1710 803 ,
1739 746 1873 803 1013,
1892 745 1954 790 ob
1969 760 2073 790 me·-

368 816 532 862 liorem
548 817 876 862 sententiarum
890 818 1116 875 ordinem,
1128 826 1182 862 ut
1195 818 1270 863 hic
1286 820 1504 880 leguntur
1514 821 1797 881 transposuit
1809 824 2071 882 Lagrange.

370 894 518 937 Totus
540 902 695 937 autem
722 894 818 938 fere
832 895 963 939 locus
994 892 1273 938 1005-1020
1304 910 1362 938 ex
1393 895 1492 940 aliis
1507 897 1714 941 Lucretii
1735 897 1848 942 locis
1881 912 2076 957 compo-

370 968 483 1014 situs
509 978 601 1026 est,
629 984 723 1029 qua
748 969 806 1014 de
838 986 889 1014 re
917 970 973 1014 cf.
997 971 1198 1014 Fonme.
1212 1003 1226 1026 ,
1256 971 1381 1014 Diss.
1412 973 1472 1015 de
1495 973 1729 1028 Lucretio,
1753 990 1800 1034 p.
1822 975 1882 1028 48
1896 1009 1909 1031 ‚
1926 990 1997 1033 sq.

446 1044 745 1088 Vehementer
762 1042 823 1106 (v.
848 1043 1009 1107 1023).
1034 1045 1204 1089 Tribus
1230 1046 1417 1106 syllabis
1433 1046 1840 1105 pronuntiandum
1856 1085 1868 1107 ,
1885 1058 1938 1094 ut
1954 1049 2047 1095 Cic.
2062 1084 2076 1106 ‚

370 1119 531 1172 Arat.,
571 1136 681 1180 119,
713 1128 759 1164 et
792 1121 954 1164 Horat.
971 1154 983 1177 ,
1023 1122 1170 1178 Epist.
1204 1137 1245 1165 11
1259 1155 1272 1177 ‚
1304 1136 1355 1177 2,
1384 1137 1487 1166 120.

434 1196 492 1240 V.
522 1196 669 1262 1028,
702 1211 824 1256 1029
858 1211 916 1241 ex
939 1196 1157 1241 omnibus
1178 1196 1309 1241 libris
1339 1196 1404 1241 ita
1423 1197 1625 1242 restituit
1645 1199 1856 1244 Wakef.:

545 1352 663 1406 Quod
681 1367 762 1394 non
784 1353 986 1408 paullatim
1004 1353 1186 1393 minuant
1203 1353 1384 1393 mirarier
1400 1366 1547 1394 omnes.

545 1422 745 1477 Principio
768 1423 854 1463 coeli
872 1423 1019 1462 clarum
1038 1435 1260 1476 purumque
1283 1422 1474 1471 colorem,

372 1583 419 1619 et
448 1583 682 1634 receptam
704 1574 950 1620 lectionem
979 1573 1044 1619 sic
1066 1573 1267 1634 explicat
1295 1590 1306 1617 :
1333 1593 1352 1614 «
1378 1573 1638 1634 Principio,
1671 1574 1701 1619 i.
1733 1590 1772 1619 e.
1789 1576 1995 1634 primum
2023 1576 2083 1621 sit

373 1653 638 1711 exemplum
651 1667 798 1711 purus
820 1651 923 1696 coeli
943 1651 1094 1708 nitor3
1111 1651 1280 1694 deinde
1302 1650 1453 1695 sidera
1460 1667 1473 1707 ;
1490 1659 1585 1694 tum
1607 1652 1742 1708 luna3
1767 1660 1812 1697 et
1822 1662 2080 1712 postremo,

373 1727 506 1787 quod
529 1727 784 1773 maximum
805 1736 873 1773 est
897 1737 942 1772 et
962 1727 1172 1772 omnium
1198 1725 1724 1788 magnificentissimum,
1741 1727 1847 1773 solis
1870 1728 2074 1790 fulgor.»

441 1804 622 1848 Satiate
654 1801 716 1867 (v.
748 1802 903 1866 1037).
933 1805 1072 1849 Hunc
1093 1819 1279 1848 versum
1301 1803 1461 1848 laudat
1482 1803 1666 1848 Nonius
1688 1803 1738 1848 in
1765 1820 1881 1850 voce
1904 1806 2076 1859 satias,

375 1880 609 1941 docetque
632 1880 825 1926 Accium
839 1915 852 1937 ‚
874 1882 1158 1938 Varronem,
1185 1878 1441 1937 Lucilium,
1472 1879 1737 1924 Sallustium
1753 1889 1799 1925 et
1813 1880 2082 1926 Terentium

375 1956 539 2001 eadem
561 1972 681 2007 voce
705 1972 813 2001 usos
836 1956 990 2001 fuisse.

438 2034 494 2077 V.
518 2033 798 2086 1043-1046
821 2032 884 2077 sic
900 2024 1232 2092 interpretatur
1253 2032 1439 2079 Creech.
1469 2049 1480 2076 ε
1505 2031 1736 2092 «Inquiro
1760 2032 1907 2090 enim,
1936 2030 2083 2092 quum

375 2116 504 2153 extra
528 2108 669 2167 hujus
697 2107 863 2152 mundi
888 2107 1057 2152 moenia
1081 2105 1241 2170 (coelos
1268 2110 1356 2154 hos
1385 2106 1675 2171 spectabiles)
1706 2109 1905 2168 spatium
1930 2117 2084 2166 pateat

374 2182 628 2241 infinitum,
646 2183 765 2244 quid
789 2182 928 2229 situm
957 2183 1015 2228 sit
1039 2183 1089 2228 in
1118 2183 1208 2229 isto
1231 2184 1405 2245 spatio,
1421 2200 1519 2244 quo
1535 2184 1636 2244 ipsa
1656 2200 1787 2229 mens
1815 2184 2081 2248 prospicere

375 2259 537 2322 gestiat
551 2295 565 2317 ,
596 2260 869 2320 animusque
902 2260 1042 2305 alacri
1071 2269 1118 2306 et
1151 2261 1302 2306 libero
1340 2260 1520 2321 impetu
1555 2276 1803 2320 erumpens
1839 2261 2085 2320 pervolare

375 2335 567 2395 possit.»
595 2337 757 2381 Lamb.
775 2346 820 2380 et
841 2338 992 2382 Faber
1020 2337 1204 2397 spurios
1235 2346 1435 2383 censent.

378 2443 380 2445 >
444 2410 747 2474 Profundi⁴·(v.
771 2410 928 2474 1050).
946 2415 982 2457 I.
1001 2429 1040 2457 e.
1057 2412 1244 2458 infiniti.
1295 2408 1297 2411 ”

446 2488 655 2534 Colat-int
675 2486 737 2552 (v.
760 2485 916 2551 1060).
938 2488 1032 2533 Alii
1066 2498 1305 2544 coartant,
1337 2491 1558 2543 coierunt,
1585 2488 1867 2534 coarctarint
1880 2521 1895 2542 ,
1920 2489 2081 2531 colae-

377 2567 496 2620 rim,
516 2568 739 2619 colerent,
764 2567 1016 2610 caelarunt.
1041 2565 1193 2610 Gifan.
1210 2565 1333 2624 conj.
1351 2567 1604 2611 coaluerint
1610 2582 1629 2620 ,·
1651 2564 1812 2609 Lamb.
1836 2563 2086 2608 cooluerint

378 2652 423 2688 et
452 2645 660 2688 Gronov.
693 2641 787 2703 legi
818 2641 981 2686 suadet
1011 2643 1270 2686 concren‘nt.
1294 2632 1564 2687 Dolendum
1597 2632 1731 2698 vero,
1760 2640 1810 2684 in
1839 2640 1930 2685 hoc
1953 2641 2086 2695 loco,

378 2709 504 2764 tant-a
530 2717 744 2765 lectionis
783 2717 1006 2763 varietate
1041 2719 1241 2775 obrut0,
1269 2733 1357 2763 nec
1389 2718 1601 2763 Lambin.
1617 2752 1630 2775 ‚
1667 2729 1821 2777 neque
1861 2719 2056 2762 Haverc.
2075 2751 2086 2771 ‚

377 2810 530 2856 neque
561 2795 746 2845 Wakef.
782 2795 1074 2856 singulorum
1106 2795 1338 2842 librorum
1366 2795 1589 2840 lectiones
1611 2803 1824 2840 accurate
1855 2793 2059 2840 attulisse
2076 2829 2088 2850 ‚

377 2879 431 2916 ut
452 2879 631 2919 certum
659 2871 719 2916 de
743 2885 801 2917 eo
822 2871 1054 2929 judicium
1080 2871 1193 2916 ferri
1213 2870 1375 2931 possit.

444 2945 505 3010 (v.
544 2944 702 3011 1066.)
724 2947 944 2993 Similiter
973 2947 1153 2993 disserit
1180 2948 1309 3008 apud
1340 2948 1662 3005 Plutarchum,
1695 2948 1756 2991 de
1777 2948 1908 2992 Plac.
1931 2945 2085 3006 phil„

387 3038 404 3068 1
422 3056 435 3077 ,
461 3020 510 3080 5,
535 3023 862 3081 Metrodorus,
892 3024 1085 3084 Epicuri
1114 3023 1351 3069 familiaris
1376 3040 1388 3068 :
1419 3022 1576 3073 Ᾰτοπον
1603 3025 1728 3082 εἶναι,
1764 3031 1800 3071 ἐν
1835 3029 1996 3086 μεγάλῳ
2020 3044 2088 3070 πε-

382 3100 457 3163 δίῳ
503 3106 572 3149 ἕνα
613 3107 763 3162 στάχυν
798 3112 1050 3164 γεννηθῆναι,
1077 3108 1146 3151 καὶ
1184 3109 1253 3150 ἕνα
1276 3109 1424 3165 κόσμον
1465 3109 1501 3150 ἐν
1531 3102 1590 3163 τῷ
1620 3107 1784 3164 ἀπείρῳ“
1817 3107 1876 3148 ὅτι
1909 3101 2085 3146 «θ’-ἄπει-

384 3196 441 3235 ρος
456 3181 563 3223 κατὰ
588 3183 634 3224 τὸ
658 3187 821 3232 πλῆθος,
843 3180 963 3231 δῆλον
983 3187 1025 3227 ἐκ
1052 3190 1122 3228 τοῦ
1153 3185 1300 3242 ἄπειροι
1314 3184 1369 3227 τὰ
1386 3184 1498 3227 αἴτια.
1523 3179 1633 3227 εἶναι·
1653 3184 1686 3226 εἰ
1699 3182 1774 3240 γὰρ
1801 3184 1818 3224 ὁ
1848 3182 1916 3239 μὲν
1941 3180 2086 3235 κόσμος

383 3258 700 3313 πεπερασμένος.
740 3259 792 3301 τὰ
823 3255 1006 3303 &vafrem
1038 3262 1176 3303 πάντα
1215 3262 1388 3318 ἄπειρα,
1419 3260 1457 3311 ἐξ
1485 3258 1534 3303 ὧν
1569 3257 1638 3302 ὅδε
1676 3260 1863 3315 ὃκόσμος
1899 3258 2084 3304 vivo-m.
