2300 3926
328 283 415 336 134
889 283 941 324 T.
979 281 1269 325 LUcRETn
1305 282 1447 327 CARI
1840 282 1890 332 (v.
1910 283 2019 337 που.)

324 388 437 443 Nec
467 406 631 462 porro
663 397 924 460 poterunt.
954 386 1056 461 ipsi
1091 385 1417 462 reprendere
1447 404 1586 454 sese3

325 488 499 561 AEqua
523 484 655 540 fides
689 484 947 560 quoniam
978 484 1194 538 debebit
1223 504 1435 560 semper
1467 485 1669 539 haberi.

324 584 579 655 Proinde,
599 583 744 660 quod
760 585 815 638 in
830 603 1047 659 quoque
1060 595 1139 639 est
1151 584 1237 639 his
1254 584 1428 639 visum
1444 595 1549 639 tem
1557 603 1705 660 pore,
1717 603 1909 638 verum
1923 596 2020 637 est„

404 686 499 755 Et,
530 684 574 738 si
601 704 711 738 non
741 684 940 759 poterit
967 683 1107 738 ratio
1133 681 1427 738 dissolvere
1453 703 1670 738 causam
1688 726 1702 752 ,

324 786 437 840 Cur
463 803 525 838 ea
555 803 674 858 quae
708 782 910 838 fuerint
935 783 1134 858 juxtim
1164 781 1428 857 quadrata
1447 824 1462 853 ,
1491 781 1683 859 procul
1717 782 1825 837 sint

325 883 456 938 Visa
488 882 750 953 rotunda3
785 893 961 937 tamen
995 894 1216 958 praestat
1240 883 1464 938 rationis
1493 894 1740 958 egentem

324 981 572 1037 Reddere
607 982 867 1038 mendose
896 1002 1084 1038 causas
1115 983 1398 1057 utriusque
1430 982 1647 1058 figurae,

325 1081 506 1151 Quam
541 1081 792 1136 manibus
821 1081 1106 1136 manifesta
1137 1082 1247 1136 suis
1275 1082 1521 1136 emittere
1549 1100 1858 1157 quaequam,

325 1181 395 1234 Et
423 1178 624 1233 violare
657 1178 818 1232 fidem
849 1180 1106 1253 primam,
1135 1191 1191 1234 et
1219 1178 1522 1234 convellere
1548 1191 1662 1234 tota

325 1276 699 1331 Fundamenta
716 1319 730 1345 ,
760 1277 955 1351 quibus
985 1278 1206 1332 nixatur
1230 1279 1341 1332 vita
1367 1276 1636 1352 salusque.

328 1377 455 1430 Non
491 1375 655 1430 modo
686 1360 831 1430 enim
860 1376 1000 1430 ratio
1028 1387 1155 1430 ruat
1179 1376 1382 1444 omniS,
1409 1377 1521 1430 vita
1553 1395 1770 1451 quoque
1804 1377 1918 1452 ipsa

328 1474 597 1529 Concidat
634 1472 939 1551 extemp10,
976 1475 1079 1529 nisi
1113 1474 1332 1549 credere
1361 1475 1606 1530 sensibus
1641 1475 1785 1547 ausis
1797 1517 1812 1546 ,

326 1574 742 1650 Praecipitesque
775 1572 923 1628 locos
955 1575 1153 1644 vitare,
1188 1586 1242 1628 et
1269 1586 1488 1645 caetera,
1518 1594 1638 1649 quae
1666 1574 1775 1628 sint

327 1675 393 1727 In
426 1692 622 1750 genere
652 1673 757 1728 hoc
786 1671 1068 1749 fugienda,
1101 1674 1281 1748 sequi,
1314 1674 1589 1729 contraria
1615 1693 1736 1748 quae
1765 1674 1871 1727 sint
1905 1694 1916 1726 :

326 1770 427 1826 Illa
457 1773 556 1827 tibi
586 1785 667 1828 est
698 1774 868 1849 igitur
890 1773 1186 1828 verborum
1220 1773 1374 1849 copia
1402 1793 1552 1828 cassa
1914 1762 1915 1765 Ἴ

329 1872 548 1943 OmniS,
580 1892 700 1947 quae
728 1884 918 1927 contra
947 1891 1136 1928 sensus
1159 1873 1455 1943 instructa,
1483 1884 1674 1948 parata
1704 1884 1800 1927 est.

408 1972 659 2046 Denique
694 1984 755 2026 ut
788 1973 845 2026 in
881 1971 1116 2043 fabrica,
1146 1973 1190 2028 si
1224 1992 1390 2047 prava
1420 1982 1502 2027 est
1534 1970 1955 2048 regulaprima,

330 2071 651 2145 Normaque
684 2073 729 2126 si
755 2070 920 2127 fallax
950 2073 1111 2127 rectis
1139 2072 1454 2148 regionibus
1485 2072 1624 2140 exit,

327 2171 396 2223 Et
422 2166 604 2224 libella
636 2170 820 2246 aliqua
849 2172 892 2226 si
918 2191 985 2225 ex
1010 2160 1153 2247 parti
1183 2169 1453 2226 claudicat
1483 2169 1683 2238 hilum3

327 2269 531 2323 Omnia
557 2269 813 2325 mendose
840 2269 959 2325 fieri
991 2283 1154 2347 atque
1184 2270 1402 2347 obstipa
1433 2289 1715 2325 necessum
1742 2282 1851 2340 est,

328 2369 526 2438 Prava,
561 2368 819 2424 cubantia
837 2413 852 2441 ,
880 2391 1060 2446 prona
1081 2414 1096 2442 ,
1128 2373 1324 2448 supina
1355 2383 1519 2447 atque
1546 2370 1748 2426 absona
1776 2381 1953 2438 tecta3

327 2467 448 2520 Jam
473 2486 631 2522 ruere
659 2479 722 2521 ut
750 2468 999 2543 quaedam
1036 2468 1327 2525 videantur
1355 2469 1521 2540 velle,
1548 2482 1820 2545 ruantque
1837 2511 1851 2539 ,

328 2564 553 2622 Prodita
577 2565 796 2642 judiciis
825 2565 1110 2623 fallacibus
1145 2569 1327 2623 omnia
1357 2569 1563 2644 primis.

329 2664 419 2718 Sic
454 2665 623 2742 igitur
648 2667 911 2723 ratio-tibi
937 2688 1119 2722 rerum
1145 2686 1315 2743 prava
1347 2687 1562 2724 necesse
1589 2678 1667 2724 est

327 2762 590 2839 Falsaque
615 2766 716 2838 sit,
750 2764 899 2821 falsis
932 2786 1268 2841 quaecunque
1291 2766 1360 2821 ab
1392 2768 1637 2822 sensibus
1667 2778 1786 2822 orta
1816 2777 1911 2820 est.

406 2864 570 2919 Nunc
604 2864 696 2919 alii
729 2886 918 2921 sensus
946 2886 1055 2942 quo
1082 2878 1244 2942 pacto
1275 2867 1508 2943 quisque
1535 2888 1689 2922 suam
1716 2887 1830 2921 rem

330 2963 538 3018 Sentiat
557 3006 571 3035 ,
604 2964 753 3019 haud
788 2985 1063 3041 quaquam
1087 2966 1226 3020 ratio
1254 2986 1511 3042 scruposa
1545 2966 1735 3021 relicta
1762 2978 1855 3022 est.

327 3063 633 3139 Principio,
663 3064 884 3120 auditur
918 3087 1082 3122 sonus
1114 3079 1168 3121 et
1199 3086 1305 3121 vox
1337 3067 1538 3136 omniS,
1568 3067 1625 3121 in
1658 3087 1818 3121 aures

327 3161 635 3234 Insinuata,
670 3184 768 3219 suo
795 3164 1055 3241 pepulere
1081 3165 1174 3220 ubi
1203 3185 1432 3241 corpore
1462 3184 1678 3221 sensum
1708 3186 1720 3218 :

329 3260 663 3335 Corpoream
693 3285 910 3341 quoque
939 3268 1083 3322 enim
1113 3286 1301 3322 vocem
1339 3278 1588 3322 constare
1613 3262 1890 3320 fatendum
1922 3273 1999 3316 est
2021 3305 2034 3331 ,
