<?xml version="1.0" encoding="UTF-8"?>
<!DOCTYPE html PUBLIC "-//W3C//DTD XHTML 1.0 Transitional//EN"
    "http://www.w3.org/TR/xhtml1/DTD/xhtml1-transitional.dtd">
<html xmlns="http://www.w3.org/1999/xhtml" xml:lang="en" lang="en">
 <head>
  <title>
</title>
<meta http-equiv="Content-Type" content="text/html;charset=utf-8" />
  <meta name='ocr-system' content='tesseract 3.04.00' />
  <meta name='ocr-capabilities' content='ocr_page ocr_carea ocr_par ocr_line ocrx_word'/>
</head>
<body>
  <div class='ocr_page' id='page_1' title='image "./dererumnaturali00lucruoft_0187.png"; bbox 0 0 2320 3866; ppageno 0'>
   <div class='ocr_carea' id='block_1_1' title="bbox 199 277 1949 342">
    <p class='ocr_par' dir='ltr' id='par_1_1' title="bbox 199 277 1949 342">
     <span class='ocr_line' id='line_1_1' title="bbox 199 277 1949 342; baseline 0.004 -21"><span class='ocrx_word' id='word_1_1' title='bbox 199 286 205 294; x_wconf 90' lang='lat'><em>&#39;</em></span> <span class='ocrx_word' id='word_1_2' title='bbox 241 283 293 334; x_wconf 80' lang='grc' dir='ltr'><strong>(ν.</strong></span> <span class='ocrx_word' id='word_1_3' title='bbox 315 282 425 334; x_wconf 79' lang='lat'>172.)</span> <span class='ocrx_word' id='word_1_4' title='bbox 665 281 747 324; x_wconf 89' lang='lat' dir='ltr'><strong>DE</strong></span> <span class='ocrx_word' id='word_1_5' title='bbox 782 277 1007 322; x_wconf 86' lang='lat' dir='ltr'>RERUM</span> <span class='ocrx_word' id='word_1_6' title='bbox 1040 278 1290 324; x_wconf 89' lang='lat' dir='ltr'><strong>NATURA</strong></span> <span class='ocrx_word' id='word_1_7' title='bbox 1324 281 1436 325; x_wconf 85' lang='lat' dir='ltr'><strong>LIB.</strong></span> <span class='ocrx_word' id='word_1_8' title='bbox 1473 283 1528 326; x_wconf 88' lang='lat' dir='ltr'><strong>V.</strong></span> <span class='ocrx_word' id='word_1_9' title='bbox 1846 283 1949 342; x_wconf 85' lang='lat'><strong>167·</strong></span> 
     </span>
    </p>
   </div>
   <div class='ocr_carea' id='block_1_2' title="bbox 174 369 1853 3361">
    <p class='ocr_par' dir='ltr' id='par_1_2' title="bbox 238 369 1563 462">
     <span class='ocr_line' id='line_1_2' title="bbox 238 369 1563 462; baseline -0.003 -19"><span class='ocrx_word' id='word_1_10' title='bbox 238 386 344 443; x_wconf 85' lang='lat' dir='ltr'><strong>Cui</strong></span> <span class='ocrx_word' id='word_1_11' title='bbox 372 396 576 442; x_wconf 88' lang='lat' dir='ltr'><strong>veteres</strong></span> <span class='ocrx_word' id='word_1_12' title='bbox 606 383 832 451; x_wconf 90' lang='lat' dir='ltr'><strong>obsunt;</strong></span> <span class='ocrx_word' id='word_1_13' title='bbox 866 369 961 435; x_wconf 86' lang='lat' dir='ltr'><strong>sed</strong></span> <span class='ocrx_word' id='word_1_14' title='bbox 987 400 1075 437; x_wconf 79' lang='lat' dir='ltr'><strong>cui</strong></span> <span class='ocrx_word' id='word_1_15' title='bbox 1104 380 1182 436; x_wconf 92' lang='lat' dir='ltr'><strong>nil</strong></span> <span class='ocrx_word' id='word_1_16' title='bbox 1210 383 1406 440; x_wconf 88' lang='lat' dir='ltr'><strong>accidit</strong></span> <span class='ocrx_word' id='word_1_17' title='bbox 1433 385 1563 462; x_wconf 87' lang='lat' dir='ltr'><strong>aegri</strong></span> 
     </span>
    </p>

    <p class='ocr_par' dir='ltr' id='par_1_3' title="bbox 236 480 1837 562">
     <span class='ocr_line' id='line_1_3' title="bbox 236 480 1837 562; baseline -0.001 -22"><span class='ocrx_word' id='word_1_18' title='bbox 236 487 501 562; x_wconf 84' lang='lat' dir='ltr'><strong>Tempore</strong></span> <span class='ocrx_word' id='word_1_19' title='bbox 526 485 583 539; x_wconf 93' lang='lat' dir='ltr'><strong>in</strong></span> <span class='ocrx_word' id='word_1_20' title='bbox 613 490 888 550; x_wconf 80' lang='lat' dir='ltr'><strong>anteactO,</strong></span> <span class='ocrx_word' id='word_1_21' title='bbox 919 499 1092 555; x_wconf 89' lang='lat' dir='ltr'><strong>quum</strong></span> <span class='ocrx_word' id='word_1_22' title='bbox 1121 480 1349 558; x_wconf 81' lang='lat' dir='ltr'>pulchre</span> <span class='ocrx_word' id='word_1_23' title='bbox 1385 483 1602 560; x_wconf 84' lang='lat' dir='ltr'><strong>degeret</strong></span> <span class='ocrx_word' id='word_1_24' title='bbox 1633 504 1837 554; x_wconf 87' lang='lat' dir='ltr'><strong>aevum,</strong></span> 
     </span>
    </p>

    <p class='ocr_par' dir='ltr' id='par_1_4' title="bbox 174 579 1622 662">
     <span class='ocr_line' id='line_1_4' title="bbox 174 579 1622 662; baseline -0.001 -22"><span class='ocrx_word' id='word_1_25' title='bbox 174 607 180 611; x_wconf 92' lang='lat'><em>·</em></span> <span class='ocrx_word' id='word_1_26' title='bbox 235 584 388 658; x_wconf 90' lang='lat' dir='ltr'><strong>Quid</strong></span> <span class='ocrx_word' id='word_1_27' title='bbox 419 584 597 662; x_wconf 89' lang='lat' dir='ltr'><strong>potuit</strong></span> <span class='ocrx_word' id='word_1_28' title='bbox 622 579 876 636; x_wconf 87' lang='lat' dir='ltr'><strong>novitatis</strong></span> <span class='ocrx_word' id='word_1_29' title='bbox 899 599 1142 637; x_wconf 90' lang='lat' dir='ltr'><strong>amorem</strong></span> <span class='ocrx_word' id='word_1_30' title='bbox 1170 582 1468 639; x_wconf 86' lang='lat' dir='ltr'><strong>accendere</strong></span> <span class='ocrx_word' id='word_1_31' title='bbox 1494 581 1622 639; x_wconf 82' lang='lat' dir='ltr'><strong>tali?</strong></span> 
     </span>
    </p>

    <p class='ocr_par' dir='ltr' id='par_1_5' title="bbox 233 679 1690 758">
     <span class='ocr_line' id='line_1_5' title="bbox 233 679 1690 758; baseline -0.001 -18"><span class='ocrx_word' id='word_1_32' title='bbox 233 687 345 755; x_wconf 85' lang='lat' dir='ltr'><strong>An,</strong></span> <span class='ocrx_word' id='word_1_33' title='bbox 372 682 558 754; x_wconf 90' lang='lat' dir='ltr'><strong>credo,</strong></span> <span class='ocrx_word' id='word_1_34' title='bbox 599 682 655 736; x_wconf 89' lang='lat' dir='ltr'><strong>in</strong></span> <span class='ocrx_word' id='word_1_35' title='bbox 687 679 925 735; x_wconf 89' lang='lat' dir='ltr'><strong>tenebris</strong></span> <span class='ocrx_word' id='word_1_36' title='bbox 954 681 1067 736; x_wconf 88' lang='lat' dir='ltr'><strong>vita</strong></span> <span class='ocrx_word' id='word_1_37' title='bbox 1096 700 1159 736; x_wconf 93' lang='lat' dir='ltr'><strong>ac</strong></span> <span class='ocrx_word' id='word_1_38' title='bbox 1187 702 1420 738; x_wconf 87' lang='lat' dir='ltr'><strong>moerore</strong></span> <span class='ocrx_word' id='word_1_39' title='bbox 1444 683 1690 758; x_wconf 88' lang='lat' dir='ltr'><strong>jacebat,</strong></span> 
     </span>
    </p>

    <p class='ocr_par' dir='ltr' id='par_1_6' title="bbox 233 778 1362 858">
     <span class='ocr_line' id='line_1_6' title="bbox 233 778 1362 858; baseline -0.002 -20"><span class='ocrx_word' id='word_1_40' title='bbox 233 784 423 838; x_wconf 91' lang='lat' dir='ltr'><strong>Donec</strong></span> <span class='ocrx_word' id='word_1_41' title='bbox 449 779 643 836; x_wconf 82' lang='lat' dir='ltr'><strong>diluxit</strong></span> <span class='ocrx_word' id='word_1_42' title='bbox 670 784 860 836; x_wconf 85' lang='lat' dir='ltr'><strong>rerum</strong></span> <span class='ocrx_word' id='word_1_43' title='bbox 888 779 1140 858; x_wconf 88' lang='lat' dir='ltr'><strong>genitalis</strong></span> <span class='ocrx_word' id='word_1_44' title='bbox 1167 778 1362 858; x_wconf 83' lang='lat' dir='ltr'><strong>origo?</strong></span> 
     </span>
    </p>

    <p class='ocr_par' dir='ltr' id='par_1_7' title="bbox 233 878 1544 954">
     <span class='ocr_line' id='line_1_7' title="bbox 233 878 1544 954; baseline -0.001 -18"><span class='ocrx_word' id='word_1_45' title='bbox 233 880 448 954; x_wconf 86' lang='lat' dir='ltr'><strong>Quidve</strong></span> <span class='ocrx_word' id='word_1_46' title='bbox 477 878 605 936; x_wconf 87' lang='lat' dir='ltr'><strong>mali</strong></span> <span class='ocrx_word' id='word_1_47' title='bbox 639 879 818 935; x_wconf 85' lang='lat' dir='ltr'><strong>fuerat</strong></span> <span class='ocrx_word' id='word_1_48' title='bbox 848 879 1007 935; x_wconf 89' lang='lat' dir='ltr'><strong>nobis</strong></span> <span class='ocrx_word' id='word_1_49' title='bbox 1039 900 1150 935; x_wconf 92' lang='lat' dir='ltr'><strong>non</strong></span> <span class='ocrx_word' id='word_1_50' title='bbox 1175 900 1290 936; x_wconf 91' lang='lat' dir='ltr'><strong>esse</strong></span> <span class='ocrx_word' id='word_1_51' title='bbox 1317 879 1544 935; x_wconf 83' lang='lat' dir='ltr'><strong>creatis?</strong></span> 
     </span>
    </p>

    <p class='ocr_par' dir='ltr' id='par_1_8' title="bbox 231 977 1711 1056">
     <span class='ocr_line' id='line_1_8' title="bbox 231 977 1711 1056; baseline -0.001 -18"><span class='ocrx_word' id='word_1_52' title='bbox 231 983 407 1038; x_wconf 86' lang='lat' dir='ltr'><strong>Natus</strong></span> <span class='ocrx_word' id='word_1_53' title='bbox 435 981 582 1036; x_wconf 91' lang='lat' dir='ltr'><strong>enim</strong></span> <span class='ocrx_word' id='word_1_54' title='bbox 611 978 800 1050; x_wconf 90' lang='lat' dir='ltr'><strong>debet,</strong></span> <span class='ocrx_word' id='word_1_55' title='bbox 832 980 1146 1056; x_wconf 87' lang='lat' dir='ltr'><strong>quicunque</strong></span> <span class='ocrx_word' id='word_1_56' title='bbox 1179 991 1286 1050; x_wconf 89' lang='lat' dir='ltr'><strong>est,</strong></span> <span class='ocrx_word' id='word_1_57' title='bbox 1313 977 1454 1035; x_wconf 88' lang='lat' dir='ltr'><strong>velle</strong></span> <span class='ocrx_word' id='word_1_58' title='bbox 1488 999 1711 1036; x_wconf 90' lang='lat' dir='ltr'><strong>manere</strong></span> 
     </span>
    </p>

    <p class='ocr_par' dir='ltr' id='par_1_9' title="bbox 227 1077 1512 1157">
     <span class='ocr_line' id='line_1_9' title="bbox 227 1077 1512 1157; baseline 0 -21"><span class='ocrx_word' id='word_1_59' title='bbox 227 1083 294 1136; x_wconf 88' lang='lat' dir='ltr'><strong>In</strong></span> <span class='ocrx_word' id='word_1_60' title='bbox 324 1081 458 1150; x_wconf 89' lang='lat' dir='ltr'><strong>vita,</strong></span> <span class='ocrx_word' id='word_1_61' title='bbox 488 1078 663 1135; x_wconf 92' lang='lat' dir='ltr'><strong>donec</strong></span> <span class='ocrx_word' id='word_1_62' title='bbox 694 1079 952 1135; x_wconf 87' lang='lat' dir='ltr'><strong>retinebit</strong></span> <span class='ocrx_word' id='word_1_63' title='bbox 981 1078 1183 1135; x_wconf 91' lang='lat' dir='ltr'><strong>blanda</strong></span> <span class='ocrx_word' id='word_1_64' title='bbox 1210 1077 1466 1157; x_wconf 86' lang='lat' dir='ltr'><strong>voluptas</strong></span> <span class='ocrx_word' id='word_1_65' title='bbox 1500 1101 1512 1135; x_wconf 74' lang='grc' dir='ltr'><strong><em>ε</em></strong></span> 
     </span>
    </p>

    <p class='ocr_par' dir='ltr' id='par_1_10' title="bbox 226 1180 1542 1258">
     <span class='ocr_line' id='line_1_10' title="bbox 226 1180 1542 1258; baseline 0.001 -23"><span class='ocrx_word' id='word_1_66' title='bbox 226 1181 339 1254; x_wconf 90' lang='lat' dir='ltr'><strong>Qui</strong></span> <span class='ocrx_word' id='word_1_67' title='bbox 369 1199 653 1256; x_wconf 88' lang='lat' dir='ltr'><strong>nunquam</strong></span> <span class='ocrx_word' id='word_1_68' title='bbox 683 1199 818 1236; x_wconf 81' lang='lat' dir='ltr'><strong>vero</strong></span> <span class='ocrx_word' id='word_1_69' title='bbox 847 1180 971 1236; x_wconf 86' lang='lat' dir='ltr'><strong>vitae</strong></span> <span class='ocrx_word' id='word_1_70' title='bbox 998 1180 1238 1258; x_wconf 83' lang='lat' dir='ltr'><strong>gustavit</strong></span> <span class='ocrx_word' id='word_1_71' title='bbox 1268 1200 1542 1252; x_wconf 89' lang='lat' dir='ltr'><strong>amorem,</strong></span> 
     </span>
    </p>

    <p class='ocr_par' dir='ltr' id='par_1_11' title="bbox 226 1278 1796 1458">
     <span class='ocr_line' id='line_1_11' title="bbox 226 1278 1796 1356; baseline 0.002 -22"><span class='ocrx_word' id='word_1_72' title='bbox 226 1279 343 1335; x_wconf 89' lang='lat' dir='ltr'><strong>Nec</strong></span> <span class='ocrx_word' id='word_1_73' title='bbox 370 1279 475 1335; x_wconf 89' lang='lat' dir='ltr'><strong>fuit</strong></span> <span class='ocrx_word' id='word_1_74' title='bbox 504 1280 562 1335; x_wconf 93' lang='lat' dir='ltr'><strong>in</strong></span> <span class='ocrx_word' id='word_1_75' title='bbox 591 1299 854 1352; x_wconf 88' lang='lat' dir='ltr'><strong>numer0,</strong></span> <span class='ocrx_word' id='word_1_76' title='bbox 884 1278 1018 1356; x_wconf 92' lang='lat' dir='ltr'><strong>quid</strong></span> <span class='ocrx_word' id='word_1_77' title='bbox 1048 1280 1200 1336; x_wconf 93' lang='lat' dir='ltr'><strong>obest</strong></span> <span class='ocrx_word' id='word_1_78' title='bbox 1231 1300 1342 1336; x_wconf 91' lang='lat' dir='ltr'><strong>non</strong></span> <span class='ocrx_word' id='word_1_79' title='bbox 1372 1300 1489 1337; x_wconf 90' lang='lat' dir='ltr'><strong>esse</strong></span> <span class='ocrx_word' id='word_1_80' title='bbox 1519 1281 1796 1338; x_wconf 84' lang='lat' dir='ltr'><strong>creatum?</strong></span> 
     </span>
     <span class='ocr_line' id='line_1_12' title="bbox 306 1378 1623 1458; baseline 0.002 -24"><span class='ocrx_word' id='word_1_81' title='bbox 306 1378 632 1455; x_wconf 80' lang='lat' dir='ltr'><strong>Exemplum</strong></span> <span class='ocrx_word' id='word_1_82' title='bbox 665 1398 833 1457; x_wconf 87' lang='lat' dir='ltr'><strong>porro</strong></span> <span class='ocrx_word' id='word_1_83' title='bbox 867 1380 1161 1458; x_wconf 84' lang='lat' dir='ltr'><strong>gignundis</strong></span> <span class='ocrx_word' id='word_1_84' title='bbox 1190 1380 1385 1453; x_wconf 81' lang='lat' dir='ltr'><strong>rebuS,</strong></span> <span class='ocrx_word' id='word_1_85' title='bbox 1415 1393 1470 1437; x_wconf 89' lang='lat' dir='ltr'><strong>et</strong></span> <span class='ocrx_word' id='word_1_86' title='bbox 1504 1383 1623 1458; x_wconf 91' lang='lat' dir='ltr'><strong>ipsa</strong></span> 
     </span>
    </p>

    <p class='ocr_par' dir='ltr' id='par_1_12' title="bbox 226 1478 1664 1562">
     <span class='ocr_line' id='line_1_13' title="bbox 226 1478 1664 1562; baseline 0.001 -28"><span class='ocrx_word' id='word_1_87' title='bbox 226 1479 462 1562; x_wconf 73' lang='lat' dir='ltr'><strong>Notities</strong></span> <span class='ocrx_word' id='word_1_88' title='bbox 495 1478 814 1550; x_wconf 91' lang='lat' dir='ltr'><strong>hominum,</strong></span> <span class='ocrx_word' id='word_1_89' title='bbox 843 1481 1001 1536; x_wconf 89' lang='lat' dir='ltr'><strong>Divis</strong></span> <span class='ocrx_word' id='word_1_90' title='bbox 1029 1478 1175 1536; x_wconf 91' lang='lat' dir='ltr'><strong>unde</strong></span> <span class='ocrx_word' id='word_1_91' title='bbox 1204 1481 1368 1536; x_wconf 90' lang='lat' dir='ltr'><strong>insita</strong></span> <span class='ocrx_word' id='word_1_92' title='bbox 1395 1482 1664 1558; x_wconf 85' lang='lat' dir='ltr'><strong>primum,</strong></span> 
     </span>
    </p>

    <p class='ocr_par' dir='ltr' id='par_1_13' title="bbox 226 1576 1810 1655">
     <span class='ocr_line' id='line_1_14' title="bbox 226 1576 1810 1655; baseline 0.003 -23"><span class='ocrx_word' id='word_1_93' title='bbox 226 1577 378 1651; x_wconf 89' lang='lat' dir='ltr'><strong>Quid</strong></span> <span class='ocrx_word' id='word_1_94' title='bbox 400 1576 604 1634; x_wconf 85' lang='lat' dir='ltr'><strong>vellent</strong></span> <span class='ocrx_word' id='word_1_95' title='bbox 631 1578 812 1635; x_wconf 86' lang='lat' dir='ltr'><strong>facere</strong></span> <span class='ocrx_word' id='word_1_96' title='bbox 839 1591 904 1634; x_wconf 91' lang='lat' dir='ltr'><strong>ut</strong></span> <span class='ocrx_word' id='word_1_97' title='bbox 929 1581 1163 1650; x_wconf 89' lang='lat' dir='ltr'><strong>scirent,</strong></span> <span class='ocrx_word' id='word_1_98' title='bbox 1197 1581 1491 1655; x_wconf 89' lang='lat' dir='ltr'><strong>animoque</strong></span> <span class='ocrx_word' id='word_1_99' title='bbox 1526 1580 1810 1637; x_wconf 78' lang='lat' dir='ltr'><strong>viderent?</strong></span> 
     </span>
    </p>

    <p class='ocr_par' dir='ltr' id='par_1_14' title="bbox 223 1677 1807 1756">
     <span class='ocr_line' id='line_1_15' title="bbox 223 1677 1807 1756; baseline 0.003 -24"><span class='ocrx_word' id='word_1_100' title='bbox 223 1679 417 1750; x_wconf 87' lang='lat' dir='ltr'><strong>Quove</strong></span> <span class='ocrx_word' id='word_1_101' title='bbox 444 1677 608 1733; x_wconf 90' lang='lat' dir='ltr'><strong>modo</strong></span> <span class='ocrx_word' id='word_1_102' title='bbox 635 1691 717 1734; x_wconf 90' lang='lat' dir='ltr'><strong>est</strong></span> <span class='ocrx_word' id='word_1_103' title='bbox 750 1698 992 1754; x_wconf 88' lang='lat' dir='ltr'><strong>unquam</strong></span> <span class='ocrx_word' id='word_1_104' title='bbox 1023 1678 1102 1733; x_wconf 85' lang='lat' dir='ltr'><strong>vis</strong></span> <span class='ocrx_word' id='word_1_105' title='bbox 1132 1679 1351 1754; x_wconf 87' lang='lat' dir='ltr'><strong>cognita</strong></span> <span class='ocrx_word' id='word_1_106' title='bbox 1381 1680 1807 1756; x_wconf 84' lang='lat' dir='ltr'><strong>principiorum,</strong></span> 
     </span>
    </p>

    <p class='ocr_par' dir='ltr' id='par_1_15' title="bbox 225 1775 1652 1855">
     <span class='ocr_line' id='line_1_16' title="bbox 225 1775 1652 1855; baseline 0.002 -23"><span class='ocrx_word' id='word_1_107' title='bbox 225 1775 505 1848; x_wconf 88' lang='lat' dir='ltr'><strong>Quidnam</strong></span> <span class='ocrx_word' id='word_1_108' title='bbox 533 1777 676 1831; x_wconf 88' lang='lat' dir='ltr'><strong>inter</strong></span> <span class='ocrx_word' id='word_1_109' title='bbox 697 1796 812 1831; x_wconf 91' lang='lat' dir='ltr'><strong>sese</strong></span> <span class='ocrx_word' id='word_1_110' title='bbox 840 1788 1154 1853; x_wconf 86' lang='lat' dir='ltr'><strong>permutato</strong></span> <span class='ocrx_word' id='word_1_111' title='bbox 1183 1775 1376 1832; x_wconf 90' lang='lat' dir='ltr'><strong>ordine</strong></span> <span class='ocrx_word' id='word_1_112' title='bbox 1405 1792 1652 1855; x_wconf 87' lang='lat' dir='ltr'><strong>possent,</strong></span> 
     </span>
    </p>

    <p class='ocr_par' dir='ltr' id='par_1_16' title="bbox 221 1874 1594 1953">
     <span class='ocr_line' id='line_1_17' title="bbox 221 1874 1594 1953; baseline 0.002 -21"><span class='ocrx_word' id='word_1_113' title='bbox 221 1876 278 1932; x_wconf 92' lang='lat' dir='ltr'><strong>Si</strong></span> <span class='ocrx_word' id='word_1_114' title='bbox 311 1896 424 1931; x_wconf 90' lang='lat' dir='ltr'><strong>non</strong></span> <span class='ocrx_word' id='word_1_115' title='bbox 459 1876 577 1953; x_wconf 91' lang='lat' dir='ltr'><strong>ipsa</strong></span> <span class='ocrx_word' id='word_1_116' title='bbox 606 1874 760 1931; x_wconf 90' lang='lat' dir='ltr'><strong>dedit</strong></span> <span class='ocrx_word' id='word_1_117' title='bbox 786 1876 1060 1953; x_wconf 89' lang='lat' dir='ltr'><strong>specimen</strong></span> <span class='ocrx_word' id='word_1_118' title='bbox 1090 1877 1307 1934; x_wconf 89' lang='lat' dir='ltr'><strong>Natura</strong></span> <span class='ocrx_word' id='word_1_119' title='bbox 1335 1878 1594 1935; x_wconf 81' lang='lat' dir='ltr'><strong>creandi?</strong></span> 
     </span>
    </p>

    <p class='ocr_par' dir='ltr' id='par_1_17' title="bbox 222 1973 1853 2055">
     <span class='ocr_line' id='line_1_18' title="bbox 222 1973 1853 2055; baseline 0.003 -23"><span class='ocrx_word' id='word_1_120' title='bbox 222 1976 476 2052; x_wconf 86' lang='lat' dir='ltr'><strong>Namque</strong></span> <span class='ocrx_word' id='word_1_121' title='bbox 508 1977 586 2031; x_wconf 86' lang='lat' dir='ltr'><strong>ita</strong></span> <span class='ocrx_word' id='word_1_122' title='bbox 616 1973 820 2048; x_wconf 89' lang='lat' dir='ltr'><strong>multa,</strong></span> <span class='ocrx_word' id='word_1_123' title='bbox 851 1975 1028 2032; x_wconf 90' lang='lat' dir='ltr'><strong>modis</strong></span> <span class='ocrx_word' id='word_1_124' title='bbox 1055 1975 1270 2050; x_wconf 87' lang='lat' dir='ltr'><strong>multis,</strong></span> <span class='ocrx_word' id='word_1_125' title='bbox 1304 1978 1606 2055; x_wconf 82' lang='lat' dir='ltr'><strong>primordia</strong></span> <span class='ocrx_word' id='word_1_126' title='bbox 1638 2001 1853 2051; x_wconf 85' lang='lat' dir='ltr'><strong>rerum,</strong></span> 
     </span>
    </p>

    <p class='ocr_par' dir='ltr' id='par_1_18' title="bbox 220 2074 1469 2155">
     <span class='ocr_line' id='line_1_19' title="bbox 220 2074 1469 2155; baseline 0.002 -24"><span class='ocrx_word' id='word_1_127' title='bbox 220 2077 304 2131; x_wconf 84' lang='lat' dir='ltr'><strong>Ex</strong></span> <span class='ocrx_word' id='word_1_128' title='bbox 332 2074 546 2131; x_wconf 88' lang='lat' dir='ltr'><strong>infinito</strong></span> <span class='ocrx_word' id='word_1_129' title='bbox 569 2075 684 2152; x_wconf 85' lang='lat' dir='ltr'><strong>jam</strong></span> <span class='ocrx_word' id='word_1_130' title='bbox 714 2087 992 2153; x_wconf 90' lang='lat' dir='ltr'><strong>tempore,</strong></span> <span class='ocrx_word' id='word_1_131' title='bbox 1025 2078 1232 2154; x_wconf 88' lang='lat' dir='ltr'><strong>percita</strong></span> <span class='ocrx_word' id='word_1_132' title='bbox 1266 2076 1469 2155; x_wconf 36' lang='lat' dir='ltr'><strong>plavgiS,</strong></span> 
     </span>
    </p>

    <p class='ocr_par' dir='ltr' id='par_1_19' title="bbox 221 2173 1615 2252">
     <span class='ocr_line' id='line_1_20' title="bbox 221 2173 1615 2252; baseline 0.004 -23"><span class='ocrx_word' id='word_1_133' title='bbox 221 2173 670 2252; x_wconf 78' lang='lat' dir='ltr'><strong>ponderibusque</strong></span> <span class='ocrx_word' id='word_1_134' title='bbox 698 2177 809 2231; x_wconf 92' lang='lat' dir='ltr'><strong>suis</strong></span> <span class='ocrx_word' id='word_1_135' title='bbox 834 2189 1172 2233; x_wconf 88' lang='lat' dir='ltr'><strong>consuerunt</strong></span> <span class='ocrx_word' id='word_1_136' title='bbox 1205 2179 1422 2234; x_wconf 88' lang='lat' dir='ltr'><strong>concita</strong></span> <span class='ocrx_word' id='word_1_137' title='bbox 1454 2178 1615 2250; x_wconf 86' lang='lat' dir='ltr'><strong>ferri,</strong></span> 
     </span>
    </p>

    <p class='ocr_par' dir='ltr' id='par_1_20' title="bbox 222 2273 1661 2355">
     <span class='ocr_line' id='line_1_21' title="bbox 222 2273 1661 2355; baseline 0.003 -25"><span class='ocrx_word' id='word_1_138' title='bbox 222 2273 677 2351; x_wconf 86' lang='lat' dir='ltr'><strong>Omnimodisque</strong></span> <span class='ocrx_word' id='word_1_139' title='bbox 705 2275 852 2331; x_wconf 87' lang='lat' dir='ltr'><strong>coire</strong></span> <span class='ocrx_word' id='word_1_140' title='bbox 869 2318 884 2348; x_wconf 92' lang='lat'><strong>,</strong></span> <span class='ocrx_word' id='word_1_141' title='bbox 910 2288 1076 2352; x_wconf 91' lang='lat' dir='ltr'><strong>atque</strong></span> <span class='ocrx_word' id='word_1_142' title='bbox 1110 2278 1292 2333; x_wconf 90' lang='lat' dir='ltr'><strong>omnia</strong></span> <span class='ocrx_word' id='word_1_143' title='bbox 1321 2284 1661 2355; x_wconf 85' lang='lat' dir='ltr'><strong>pertentare,</strong></span> 
     </span>
    </p>

    <p class='ocr_par' dir='ltr' id='par_1_21' title="bbox 222 2378 1654 2457">
     <span class='ocr_line' id='line_1_22' title="bbox 222 2378 1654 2457; baseline 0.001 -23"><span class='ocrx_word' id='word_1_144' title='bbox 222 2378 583 2456; x_wconf 84' lang='lat' dir='ltr'><strong>Quaecunque</strong></span> <span class='ocrx_word' id='word_1_145' title='bbox 614 2380 760 2436; x_wconf 88' lang='lat' dir='ltr'><strong>inter</strong></span> <span class='ocrx_word' id='word_1_146' title='bbox 790 2401 846 2437; x_wconf 89' lang='lat' dir='ltr'><strong>se</strong></span> <span class='ocrx_word' id='word_1_147' title='bbox 876 2380 1088 2457; x_wconf 90' lang='lat' dir='ltr'><strong>possint</strong></span> <span class='ocrx_word' id='word_1_148' title='bbox 1119 2400 1409 2457; x_wconf 86' lang='lat' dir='ltr'><strong>congressa</strong></span> <span class='ocrx_word' id='word_1_149' title='bbox 1442 2400 1654 2452; x_wconf 90' lang='lat' dir='ltr'><strong>creare,</strong></span> 
     </span>
    </p>

    <p class='ocr_par' dir='ltr' id='par_1_22' title="bbox 219 2479 1512 2559">
     <span class='ocr_line' id='line_1_23' title="bbox 219 2479 1512 2559; baseline 0.001 -24"><span class='ocrx_word' id='word_1_150' title='bbox 219 2480 299 2535; x_wconf 89' lang='lat' dir='ltr'><strong>Ut</strong></span> <span class='ocrx_word' id='word_1_151' title='bbox 329 2499 442 2535; x_wconf 91' lang='lat' dir='ltr'><strong>non</strong></span> <span class='ocrx_word' id='word_1_152' title='bbox 474 2480 543 2536; x_wconf 88' lang='lat' dir='ltr'><strong>sit</strong></span> <span class='ocrx_word' id='word_1_153' title='bbox 575 2482 776 2536; x_wconf 91' lang='lat' dir='ltr'><strong>mirum</strong></span> <span class='ocrx_word' id='word_1_154' title='bbox 794 2523 808 2552; x_wconf 91' lang='lat'><strong>,</strong></span> <span class='ocrx_word' id='word_1_155' title='bbox 835 2482 879 2536; x_wconf 90' lang='lat' dir='ltr'><strong>si</strong></span> <span class='ocrx_word' id='word_1_156' title='bbox 904 2482 961 2536; x_wconf 92' lang='lat' dir='ltr'><strong>in</strong></span> <span class='ocrx_word' id='word_1_157' title='bbox 992 2479 1123 2536; x_wconf 83' lang='lat' dir='ltr'><strong>tales</strong></span> <span class='ocrx_word' id='word_1_158' title='bbox 1156 2480 1512 2559; x_wconf 85' lang='lat' dir='ltr'><strong>disposituras</strong></span> 
     </span>
    </p>

    <p class='ocr_par' dir='ltr' id='par_1_23' title="bbox 218 2578 1677 2658">
     <span class='ocr_line' id='line_1_24' title="bbox 218 2578 1677 2658; baseline 0.003 -24"><span class='ocrx_word' id='word_1_159' title='bbox 218 2578 555 2650; x_wconf 81' lang='lat' dir='ltr'><strong>Deciderunt</strong></span> <span class='ocrx_word' id='word_1_160' title='bbox 585 2601 836 2658; x_wconf 88' lang='lat' dir='ltr'><strong>quoque,</strong></span> <span class='ocrx_word' id='word_1_161' title='bbox 868 2593 922 2637; x_wconf 93' lang='lat' dir='ltr'><strong>et</strong></span> <span class='ocrx_word' id='word_1_162' title='bbox 953 2582 1010 2636; x_wconf 89' lang='lat' dir='ltr'><strong>in</strong></span> <span class='ocrx_word' id='word_1_163' title='bbox 1044 2580 1177 2639; x_wconf 88' lang='lat' dir='ltr'><strong>tales</strong></span> <span class='ocrx_word' id='word_1_164' title='bbox 1212 2602 1413 2638; x_wconf 88' lang='lat' dir='ltr'><strong>venere</strong></span> <span class='ocrx_word' id='word_1_165' title='bbox 1440 2594 1677 2651; x_wconf 83' lang='lat' dir='ltr'><strong>meatuS‚</strong></span> 
     </span>
    </p>

    <p class='ocr_par' dir='ltr' id='par_1_24' title="bbox 221 2677 1829 2861">
     <span class='ocr_line' id='line_1_25' title="bbox 221 2677 1829 2760; baseline 0.002 -26"><span class='ocrx_word' id='word_1_166' title='bbox 221 2677 491 2749; x_wconf 85' lang='lat' dir='ltr'><strong>Qualibus</strong></span> <span class='ocrx_word' id='word_1_167' title='bbox 517 2681 632 2737; x_wconf 87' lang='lat' dir='ltr'><strong>haec</strong></span> <span class='ocrx_word' id='word_1_168' title='bbox 659 2702 844 2737; x_wconf 90' lang='lat' dir='ltr'><strong>rerum</strong></span> <span class='ocrx_word' id='word_1_169' title='bbox 880 2683 1099 2760; x_wconf 85' lang='lat' dir='ltr'><strong>genitur</strong></span> <span class='ocrx_word' id='word_1_170' title='bbox 1131 2703 1280 2743; x_wconf 88' lang='lat' dir='ltr'><strong>nunc</strong></span> <span class='ocrx_word' id='word_1_171' title='bbox 1311 2703 1523 2738; x_wconf 91' lang='lat' dir='ltr'><strong>summa</strong></span> <span class='ocrx_word' id='word_1_172' title='bbox 1556 2683 1829 2739; x_wconf 88' lang='lat' dir='ltr'><strong>novand0.</strong></span> 
     </span>
     <span class='ocr_line' id='line_1_26' title="bbox 302 2778 1812 2861; baseline 0.003 -26"><span class='ocrx_word' id='word_1_173' title='bbox 302 2778 469 2851; x_wconf 90' lang='lat' dir='ltr'><strong>Quod</strong></span> <span class='ocrx_word' id='word_1_174' title='bbox 496 2781 540 2836; x_wconf 91' lang='lat' dir='ltr'><strong>si</strong></span> <span class='ocrx_word' id='word_1_175' title='bbox 566 2782 681 2858; x_wconf 86' lang='lat' dir='ltr'><strong>jam</strong></span> <span class='ocrx_word' id='word_1_176' title='bbox 710 2803 895 2839; x_wconf 90' lang='lat' dir='ltr'><strong>rerum</strong></span> <span class='ocrx_word' id='word_1_177' title='bbox 922 2784 1170 2861; x_wconf 85' lang='lat' dir='ltr'><strong>ignorem</strong></span> <span class='ocrx_word' id='word_1_178' title='bbox 1201 2782 1504 2860; x_wconf 90' lang='lat' dir='ltr'><strong>primordia</strong></span> <span class='ocrx_word' id='word_1_179' title='bbox 1531 2804 1651 2859; x_wconf 84' lang='lat' dir='ltr'><strong>quae</strong></span> <span class='ocrx_word' id='word_1_180' title='bbox 1677 2785 1812 2855; x_wconf 85' lang='lat' dir='ltr'><strong>sint,</strong></span> 
     </span>
    </p>

    <p class='ocr_par' dir='ltr' id='par_1_25' title="bbox 222 2880 1493 2961">
     <span class='ocr_line' id='line_1_27' title="bbox 222 2880 1493 2961; baseline 0.004 -30"><span class='ocrx_word' id='word_1_181' title='bbox 222 2880 340 2932; x_wconf 92' lang='lat' dir='ltr'><strong>Hoc</strong></span> <span class='ocrx_word' id='word_1_182' title='bbox 367 2889 546 2936; x_wconf 90' lang='lat' dir='ltr'><strong>tamen</strong></span> <span class='ocrx_word' id='word_1_183' title='bbox 575 2902 642 2939; x_wconf 84' lang='lat' dir='ltr'><strong>ex</strong></span> <span class='ocrx_word' id='word_1_184' title='bbox 668 2883 798 2961; x_wconf 90' lang='lat' dir='ltr'><strong>ipsis</strong></span> <span class='ocrx_word' id='word_1_185' title='bbox 826 2882 945 2940; x_wconf 86' lang='lat' dir='ltr'><strong>coeli</strong></span> <span class='ocrx_word' id='word_1_186' title='bbox 979 2884 1284 2940; x_wconf 86' lang='lat' dir='ltr'><strong>rationibus</strong></span> <span class='ocrx_word' id='word_1_187' title='bbox 1317 2882 1493 2937; x_wconf 91' lang='lat' dir='ltr'><strong>ausim</strong></span> 
     </span>
    </p>

    <p class='ocr_par' dir='ltr' id='par_1_26' title="bbox 225 2977 1651 3061">
     <span class='ocr_line' id='line_1_28' title="bbox 225 2977 1651 3061; baseline 0.004 -28"><span class='ocrx_word' id='word_1_188' title='bbox 225 2977 599 3053; x_wconf 86' lang='lat' dir='ltr'><strong>Confirmare,</strong></span> <span class='ocrx_word' id='word_1_189' title='bbox 626 2981 854 3061; x_wconf 89' lang='lat' dir='ltr'><strong>aliisque</strong></span> <span class='ocrx_word' id='word_1_190' title='bbox 885 3005 952 3040; x_wconf 84' lang='lat' dir='ltr'><strong>ex</strong></span> <span class='ocrx_word' id='word_1_191' title='bbox 983 2985 1147 3040; x_wconf 84' lang='lat' dir='ltr'><strong>rebus</strong></span> <span class='ocrx_word' id='word_1_192' title='bbox 1178 2983 1406 3039; x_wconf 90' lang='lat' dir='ltr'><strong>reddere</strong></span> <span class='ocrx_word' id='word_1_193' title='bbox 1437 2981 1651 3053; x_wconf 80' lang='lat' dir='ltr'><strong>multiS,</strong></span> 
     </span>
    </p>

    <p class='ocr_par' dir='ltr' id='par_1_27' title="bbox 223 3078 1496 3160">
     <span class='ocr_line' id='line_1_29' title="bbox 223 3078 1496 3160; baseline 0.002 -26"><span class='ocrx_word' id='word_1_194' title='bbox 223 3078 587 3153; x_wconf 83' lang='lat' dir='ltr'><strong>Nequaquam</strong></span> <span class='ocrx_word' id='word_1_195' title='bbox 619 3082 775 3138; x_wconf 91' lang='lat' dir='ltr'><strong>nobis</strong></span> <span class='ocrx_word' id='word_1_196' title='bbox 803 3083 1067 3141; x_wconf 90' lang='lat' dir='ltr'><strong>divinitus</strong></span> <span class='ocrx_word' id='word_1_197' title='bbox 1099 3104 1216 3140; x_wconf 88' lang='lat' dir='ltr'><strong>esse</strong></span> <span class='ocrx_word' id='word_1_198' title='bbox 1247 3094 1496 3160; x_wconf 89' lang='lat' dir='ltr'><strong>paratam</strong></span> 
     </span>
    </p>

    <p class='ocr_par' dir='ltr' id='par_1_28' title="bbox 222 3177 1756 3361">
     <span class='ocr_line' id='line_1_30' title="bbox 222 3177 1522 3262; baseline 0.003 -29"><span class='ocrx_word' id='word_1_199' title='bbox 222 3177 493 3233; x_wconf 87' lang='lat' dir='ltr'><strong>Naturam</strong></span> <span class='ocrx_word' id='word_1_200' title='bbox 524 3199 734 3253; x_wconf 83' lang='lat' dir='ltr'><strong>rerum3</strong></span> <span class='ocrx_word' id='word_1_201' title='bbox 763 3194 914 3241; x_wconf 89' lang='lat' dir='ltr'><strong>tanta</strong></span> <span class='ocrx_word' id='word_1_202' title='bbox 946 3197 1052 3240; x_wconf 88' lang='lat' dir='ltr'><strong>stat</strong></span> <span class='ocrx_word' id='word_1_203' title='bbox 1080 3183 1309 3262; x_wconf 78' lang='lat' dir='ltr'><strong>praedita</strong></span> <span class='ocrx_word' id='word_1_204' title='bbox 1344 3181 1522 3259; x_wconf 87' lang='lat' dir='ltr'><strong>culpa.</strong></span> 
     </span>
     <span class='ocr_line' id='line_1_31' title="bbox 305 3278 1756 3361; baseline 0.003 -27"><span class='ocrx_word' id='word_1_205' title='bbox 305 3278 617 3355; x_wconf 88' lang='lat' dir='ltr'><strong>Principio,</strong></span> <span class='ocrx_word' id='word_1_206' title='bbox 659 3294 925 3356; x_wconf 88' lang='lat' dir='ltr'><strong>quantum</strong></span> <span class='ocrx_word' id='word_1_207' title='bbox 955 3284 1074 3340; x_wconf 85' lang='lat' dir='ltr'><strong>coeli</strong></span> <span class='ocrx_word' id='word_1_208' title='bbox 1106 3286 1242 3361; x_wconf 87' lang='lat' dir='ltr'><strong>tegit</strong></span> <span class='ocrx_word' id='word_1_209' title='bbox 1272 3285 1508 3360; x_wconf 87' lang='lat' dir='ltr'><strong>impetus</strong></span> <span class='ocrx_word' id='word_1_210' title='bbox 1538 3281 1756 3359; x_wconf 86' lang='lat' dir='ltr'><strong>ingens,</strong></span> 
     </span>
    </p>
   </div>
  </div>
 </body>
</html>
