2300 3926
416 309 503 354 108
978 310 1031 354 T.
1068 307 1362 353 LUCRETJJ.
1397 307 1535 352 CARI
1914 311 2096 361 (52861.)

410 416 590 487 Atque
618 413 814 467 iterum
849 410 1003 465 nobis
1033 410 1232 466 fuerint
1260 411 1385 466 data
1411 410 1618 466 lumina
1650 413 1804 480 vitae,

410 511 686 565 Pertineat
713 509 1008 584 quidquam
1040 521 1222 563 tamen
1249 509 1318 564 ad
1345 530 1442 565 nos
1471 509 1526 564 id
1553 530 1767 586 quoque
1792 509 1991 564 factum
2007 549 2048 580 ,ψ

410 611 723 685 Interrupta
749 606 913 664 semel
941 628 1110 683 quum
1136 609 1206 663 sit
1233 610 1531 684 repetentia
1564 621 1762 664 nostra.
1784 675 1788 678 ι

409 709 481 764 Et
506 728 652 762 nunc
686 705 762 761 nil
790 706 859 761 ad
887 712 986 762 nos
1015 706 1081 760 de
1114 706 1269 762 nobis
1297 708 1521 778 attinet,
1555 718 1706 778 ante.

409 807 524 878 Qui
556 806 789 876 fuimus;
825 826 922 861 nec
949 805 1062 881 jam
1097 804 1163 859 de
1195 803 1300 860 illis
1332 825 1430 860 nos
1459 804 1624 861 afficit
1656 826 1852 882 angor,

411 906 567 977 Quos
598 903 665 959 de
695 904 921 959 materia
951 914 1135 958 nostra
1169 923 1311 958 nova
1345 903 1583 979 proferet
1609 916 1752 975 aetas.

413 1005 554 1059 Nam
581 1023 750 1078 quum
776 1001 1033 1078 respicias
1060 1002 1308 1056 immensi
1334 1003 1591 1078 temporis
1617 1022 1776 1071 omne

412 1101 753 1156 Praeteritum
785 1100 1049 1174 spatium,
1080 1111 1200 1153 tum
1228 1110 1406 1154 motus
1439 1100 1683 1154 materiai
1718 1168 1720 1170 ‚

412 1197 727 1273 Multimodi
761 1217 923 1272 quam
954 1197 1093 1265 sint;
1126 1195 1282 1251 facile
1315 1197 1419 1251 hoc
1453 1196 1740 1252 adcredere
1773 1196 1975 1271 posSiS,

418 1295 637 1350 Semina
663 1314 800 1369 saepe
827 1294 884 1347 in
910 1291 1098 1348 eodem
1115 1334 1129 1362 ,
1162 1304 1224 1347 ut
1251 1304 1395 1347 nunc
1430 1306 1554 1366 sunt
1573 1335 1588 1364 ,
1617 1293 1808 1353 ordine
1834 1305 1988 1368 posta
2015 1313 2028 1347 τ

415 1394 532 1450 Nec
565 1392 793 1447 memori
825 1402 1006 1446 tamen
1034 1389 1091 1444 id
1119 1391 1332 1464 quimus
1360 1389 1690 1466 deprendere
1715 1402 1912 1445 mente.

412 1487 566 1546 'Inter
593 1491 735 1545 enim
757 1490 900 1565 jecta
927 1501 1008 1543 est
1033 1488 1165 1542 vitai
1194 1507 1362 1563 pausa
1380 1530 1395 1559 ,
1424 1508 1664 1564 vageque

417 1592 755 1645 Deerrarunt
782 1587 983 1663 passim
1007 1598 1187 1641 motus
1215 1586 1281 1640 ab
1311 1585 1552 1641 sensibus
1577 1606 1778 1642 omnes.

497 1688 672 1744 Debet
697 1687 842 1742 enim
861 1728 876 1757 ,
904 1685 1098 1740 misere
1125 1685 1254 1760 quoi
1279 1684 1416 1740 forte
1442 1705 1686 1761 aegreque
1719 1685 1965 1740 futurum
1999 1696 2080 1739 est
2097 1727 2111 1750 ‚

422 1790 544 1863 Ipse
569 1806 784 1862 quoque
815 1804 926 1840 esse
957 1784 1014 1839 in
1041 1804 1106 1840 eo
1134 1795 1251 1838 tum
1279 1795 1549 1859 tempore,
1581 1803 1750 1858 quum
1775 1782 1913 1838 male
1944 1782 2113 1858 possit

421 1884 697 1942 Accidere.
729 1886 803 1940 At
828 1883 1087 1959 quoniam
1119 1901 1264 1937 mors
1291 1882 1477 1936 eximit
1506 1881 1577 1936 im
1594 1926 1609 1952 ,
1636 1881 1995 1957 prohibetque

421 1982 614 2055 Illum,
649 1983 737 2038 cui
767 1982 976 2059 possint
1008 1980 1350 2038 incommoda
1381 1978 1654 2036 conciliari

421 2085 547 2137 Haec
573 2080 760 2136 eadem
786 2082 841 2135 in
867 2081 1063 2156 quibus
1093 2093 1149 2135 et
1173 2101 1321 2137 nunc
1349 2100 1446 2138 nos
1473 2101 1656 2136 sumus
1674 2123 1689 2153 ,
1718 2091 1842 2135 ante
1871 2079 2030 2134 fuisse
2059 2099 2069 2132 :

427 2180 576 2235 Scire
602 2177 730 2234 licet
752 2178 908 2243 nobis
934 2176 1071 2234 nihil
1098 2198 1212 2233 esse
1240 2180 1297 2233 in
1323 2190 1499 2234 morte
1527 2177 1862 2249 timendum3

412 2281 541 2336 'Nec
567 2278 823 2333 miserum
850 2275 968 2332 fieri
987 2319 1002 2348 ,
1037 2277 1131 2352 qui
1157 2296 1268 2331 non
1301 2287 1410 2349 est,
1445 2296 1631 2352 posse;
1663 2295 1838 2351 neque
1868 2274 2041 2330 hilum

424 2376 659 2434 Differre
679 2418 712 2447 ,‚
729 2396 799 2430 an
828 2373 980 2430 nullo
1010 2375 1175 2430 fuerit
1199 2376 1327 2451 jam·
1345 2388 1589 2452 tempore
1615 2387 1774 2430 natus
1791 2417 1806 2445 ,

424 2471 713 2531 Mortalem
741 2473 908 2529 vitam
939 2493 1084 2528 mors
1114 2474 1202 2527 cui
1229 2471 1548 2528 immortalis
1576 2473 1791 2528 ademit.

504 2571 764 2643 Proinde,
788 2571 884 2626 ubi
908 2591 963 2625 se
983 2569 1164 2625 videas
1186 2570 1464 2626 hominem
1486 2571 1816 2649 indignarier
1839 2570 2016 2645 ipsum

425 2675 556 2727 Post
583 2682 812 2728 mortem
840 2669 954 2724 fore
971 2711 987 2738 ,
1015 2680 1201 2731 utaut
1225 2680 1497 2746 putrescat
1522 2690 1748 2746 corpore
1773 2680 1930 2744 posto
1949 2709 1963 2738 ,

428 2772 539 2827 Aut
570 2769 797 2824 flammis
827 2767 1095 2839 interfiat,
1130 2765 1355 2823 malisve
1382 2767 1649 2838 ferarum3

431 2869 580 2925 Scire
614 2866 770 2938 licet,
803 2887 916 2922 non
942 2867 1211 2922 sincerum
1235 2886 1423 2922 sonere
1440 2909 1456 2939 ,
1483 2878 1645 2942 atque
1675 2867 1888 2922 subesse

433 2970 650 3023 Caecum
681 2963 914 3040 aliquem
946 2963 1097 3020 cordi
1125 2962 1440 3035 stimulum3
1471 2964 1714 3040 quamvis
1741 2974 1901 3038 neget
1935 2963 2046 3037 ipse

433 3063 670 3118 Credere
701 3083 757 3118 se
785 3083 1111 3139 quemquam
1143 3062 1245 3118 sibi
1279 3081 1494 3119 sensum
1526 3063 1582 3116 in
1615 3072 1788 3117 morte
1822 3061 2080 3116 futurum.

431 3163 590 3229 Non,
623 3173 684 3216 ut
709 3163 904 3238 opinor
921 3205 935 3233 ,
963 3163 1110 3217 enim
1135 3161 1256 3232 dat,
1284 3160 1431 3237 quod
1459 3160 1764 3237 promittit3
1796 3171 1850 3214 et
1876 3156 2024 3212 indev

434 3260 551 3315 Nec
576 3258 830 3316 radicitus
858 3282 887 3316 e
914 3261 1026 3316 vita
1053 3282 1106 3316 se
1132 3259 1273 3316 tollit
1300 3273 1353 3316 et
1382 3261 1542 3330 eicit;
