2320 3866
196 287 249 335 (ἢ.
269 285 381 336 712.)
633 282 715 326 DE
745 279 968 325 RERUM
1000 279 1249 324 NATURA
1285 281 1396 326 LlB.
1434 281 1486 324 V.
1799 275 1886 323 185

193 383 542 444 Consimilem
560 379 902 456 ,cursusque
929 382 1071 436 viam
1099 383 1199 438 sub
1233 381 1345 439 sole
1374 396 1588 452 tenere3

191 488 487 563 Propterea
518 483 581 539 fit
611 482 692 537 uti
721 479 1009 535 videantur
1038 480 1216 538 dicere
1242 503 1447 539 verum.

266 587 365 641 Est
391 584 554 640 etiam
579 599 797 658 quoque
826 581 904 635 uti
934 582 1158 658 proprio
1194 602 1318 637 cum
1344 581 1551 637 lumine
1580 579 1751 656 possit

188 682 431 754 Volvier,
459 693 522 737 etv
537 680 712 736 varias
742 678 1047 755 splendoris
1081 679 1308 736 reddere
1332 680 1566 751 formas;
1593 685 1596 688 ’

186 786 400 861 Corpus
428 781 570 838 enim
594 778 725 834 *licet
748 799 861 834 esse
891 778 1071 851 aliud,
1104 778 1255 856 quod
1288 779 1462 852 fertur
1490 791 1541 833 et
1576 799 1680 833 una

185 882 431 953 Labitur,
460 878 786 948 omnimodis
819 899 1111 935 occursans
1141 877 1525 952 officiensque3
1656 882 1657 885 ’

184 982 301 1038 Nec
327 981 467 1057 potis
496 991 576 1035 est
602 979 779 1052 cerni,
815 979 943 1055 quia
978 998 1191 1034 cassum
1222 974 1428 1033 lumine
1456 976 1642 1032 fertur.

180 1081 505 1155 Versarique
530 1091 736 1157 potest,
763 1077 955 1156 globus
986 1090 1047 1134 ut
1076 1079 1120 1134 si
1155 1077 1294 1135 forte
1323 1076 1479 1154 pilai,

179 1177 418 1234 Dimidia
453 1199 519 1235 ex
547 1180 692 1256 parti
724 1177 978 1234 candenti
1008 1177 1213 1234 lumine
1243 1179 1476 1251 tinctus,

177 1277 571 1354 Versandoque
598 1277 823 1355 globum
850 1278 1122 1334 variantes
1153 1277 1314 1334 edere
1345 1277 1582 1347 formas;

177 1378 453 1434 Donicum
481 1397 600 1434 eam
633 1389 841 1455 partem
860 1421 875 1450 ‚
903 1399 1240 1454 quaecunque
1269 1389 1350 1434 est
1381 1376 1600 1454 ignibus
1629 1387 1818 1447 aucta,

178 1475 266 1533 Ad
291 1477 524 1553 speciem
555 1478 720 1533 vertit
747 1477 903 1533 nobis
937 1477 1234 1555 oculosque
1270 1487 1543 1554 patentes3

177 1574 313 1631 Inde
339 1576 649 1631 minutatim
676 1588 822 1632 retro
853 1588 1205 1652 contorquet,
1239 1588 1293 1631 et
1324 1575 1503 1630 aufert

176 1673 486 1730 Luciferam
511 1686 724 1751 partem
752 1674 1158 1750 glomeraminis
1185 1685 1349 1750 atque
1379 1672 1543 1749 pilai:

174 1775 253 1829 Ut
275 1772 604 1849 Babylonica
635 1772 952 1829 Chaldaeum
980 1773 1228 1829 doctrina
1257 1773 1500 1828 refutans
1557 1843 1569 1846 ἡ

172 1871 587 1949 Astrologorum
614 1884 786 1929 artem
819 1885 1011 1929 contra
1046 1873 1373 1929 convincere
1401 1871 1576 1928 tendit
1605 1893 1617 1927 ι

173 1971 407 2028 Proinde
438 1973 593 2049 quasi
623 1973 742 2029 fieri
770 1985 1004 2049 nequeat
1035 1972 1184 2049 quod
1218 1984 1426 2049 pugnat
1454 1985 1687 2049 uterque
1706 2016 1720 2044 ‚

178 2074 290 2127 Aut
319 2072 500 2127 minus
533 2071 637 2128 hoc
663 2071 758 2128 illo
791 2073 861 2128 sit
889 2094 988 2129 cur
1017 2071 1335 2148 amplectier
1363 2073 1525 2128 ausis,

250 2171 503 2246 Denique
535 2191 634 2227 cur
663 2176 897 2248 nequeat
925 2192 1140 2248 semper
1175 2178 1318 2226 nova
1348 2170 1483 2226 luna'
1508 2172 1706 2242 creari,

170 2268 380 2326 Ordine
411 2269 714 2326 formarum
744 2283 893 2326 certo
922 2272 1190 2347 certisque
1213 2270 1427 2347 figuris,
1496 2284 1498 2287 ·

170 2370 343 2444 Inque
372 2367 487 2424 dies
516 2370 702 2446 privos
732 2366 1042 2425 abolescere
1077 2389 1304 2446 quaeque
1334 2381 1543 2439 creata,

171 2468 351 2544 Atque
380 2467 486 2523 alia
520 2467 665 2524 illius
698 2470 941 2545 reparari
969 2469 1026 2523 in
1053 2480 1210 2545 parte
1240 2467 1497 2544 locoque,

168 2565 403 2623 Difficile
433 2579 515 2623 est
538 2568 753 2623 ratione
782 2566 1056 2626 docereet
1091 2568 1308 2624 vincere
1335 2568 1540 2637 verbis3

171 2666 381 2722 Ordine
411 2688 582 2744 quum
612 2667 798 2726 videas
831 2679 941 2724 tam
976 2680 1127 2724 certo
1154 2667 1328 2747 multa
1352 2668 1529 2723 creari
1553 2690 1565 2722 z

170 2767 220 2819 It
252 2785 364 2838 ver,
397 2777 452 2822 et
473 2769 690 2839 VenuS‚
717 2780 772 2824 et
792 2768 1022 2825 Veneris
1046 2767 1385 2846 praenuntius
1415 2778 1541 2822 ante

169 2865 434 2920 Pinnatus
466 2866 714 2943 graditur
743 2868 1025 2946 Zephyrus
1057 2869 1288 2946 vestigia
1315 2878 1571 2943 propter3

170 2960 331 3018 Flora
354 2963 550 3039 quibus
578 2979 753 3023 mater
778 2988 1153 3046 praespergens
1187 2979 1314 3024 ante
1341 2967 1450 3021 viai

0 3064 25 3162 *³
173 3064 386 3120 Cuncta
413 3062 686 3121 coloribus
717 3069 950 3146 egregiis
980 3080 1035 3124 et
1065 3067 1328 3124 odoribus
1357 3064 1557 3143 opplet.

173 3160 309 3216 Inde
337 3160 441 3218 loci
466 3163 712 3239 sequitur
737 3164 887 3223 calor
907 3167 1091 3224 aridus
1111 3211 1126 3240 ‚
1160 3179 1214 3223 et
1240 3186 1420 3237 comes
1450 3185 1560 3222 una

174 3258 556 3318 Pulverulenta
580 3265 771 3336 Ceres»,
802 3278 856 3321 et
883 3268 1066 3324 Etesia
1098 3267 1269 3323 flabra
1293 3264 1629 3342 Aquilonum
1657 3285 1668 3319 :
