2300 3926
261 305 311 355 (v.
332 306 444 359 530.)
671 306 754 350 DE
786 304 1008 349 RERUM
1041 303 1292 347 NATURA
1328 303 1439 347 LIB.
1477 302 1553 345 IV.
1872 300 1958 346 135

257 413 329 465 Et
358 404 624 480 sonitum,
654 408 910 484 quoniam
938 418 1167 484 possunt
1193 404 1470 483 impellere
1494 423 1693 461 sensus.
1721 423 1740 456 :⁸

258 508 602 565 Praeterradit
631 508 776 563 enim
803 526 910 562 vox
940 505 1121 562 fauces
1150 526 1314 582 saepe,
1343 506 1582 580 facitque

186 633 191 638 ·
256 609 544 685 Asperiora
561 649 577 679 ‚
610 606 754 669 foras
785 604 1038 682 gradiens
1054 649 1069 676 ‚
1097 606 1296 662 arteria
1325 603 1531 661 clamor
1560 623 1573 658 ε

256 707 506 783 Quippe,
539 726 635 782 per
664 717 982 782 angustum,
1012 706 1175 761 turba>
1200 706 1405 781 majore
1431 714 1651 772 coorta,

253 807 341 861 Ire
366 805 508 861 foras
532 804 625 860 ubi
660 818 942 881 coeperunt
970 805 1270 882 primordia
1302 823 1529 874 vocum,
1652 786 1653 789 Ἴ

252 902 467 959 Scilicet
491 901 716 980 expletis
745 925 963 980 quoque
987 905 1157 981 janua
1186 901 1398 958 raditur
1427 901 1539 956 oris

250 1005 436 1058 Rauca
471 1003 572 1058 viis
591 1045 606 1075 ,
639 1015 694 1059 et
719 1004 823 1059 iter
850 1002 1020 1076 laedit,
1049 1023 1157 1080 qua
1188 1023 1296 1058 vox
1322 1002 1364 1057 it
1392 1002 1449 1057 in
1476 1019 1653 1057 auras,

249 1100 407 1156 Haud
439 1102 608 1179 igitur
639 1102 868 1160 dubium
905 1115 1010 1176 est,
1042 1104 1176 1180 quin
1209 1122 1368 1159 voces
1395 1101 1669 1176 verbaque
1707 1108 1958 1155 constent

247 1203 542 1278 Corporeis
572 1223 604 1259 e
625 1204 937 1281 principiiS,
969 1215 1030 1260 ut
1055 1202 1248 1259 laedere
1277 1203 1505 1279 possint.
1579 1239 1582 1241 Δ

327 1302 527 1358 Nec=te
551 1302 690 1360 fallit
720 1304 885 1374 item,
915 1303 1048 1383 quid
1082 1304 1329 1379 corporis
1360 1301 1600 1371 auferat,
1634 1313 1688 1356 et
1719 1298 1853 1375 quid

246 1401 515 1457 Detrahat
541 1422 606 1458 ex
632 1403 922 1460 hominum
951 1404 1132 1459 nervis
1164 1424 1227 1459 ac
1253 1402 1462 1457 viribus
1495 1401 1627 1478 ipsis

246 1502 562 1578 Perpetuus·
581 1523 788 1575 serm0‚
817 1504 995 1581 nigrai
1025 1504 1201 1558 noctis
1231 1502 1299 1557 ad
1333 1502 1583 1556 umbram

199 1621 202 1625 ·
249 1602 479 1657 Aurorae
510 1587 806 1679 perductus
833 1603 904 1658 ab
938 1603 1218 1657 exoriente
1250 1603 1461 1671 nitore*;

246 1701 549 1757 Praesertim
581 1702 625 1757 si
651 1722 777 1757 cum
803 1720 1018 1757 summo
1048 1712 1131 1756 est
1159 1699 1397 1756 clamore
1429 1698 1717 1774 profusus:

246 1801 396 1877 Ergo
428 1820 754 1876 corpoream
783 1820 974 1856 vocem
1005 1811 1255 1856 constare
1292 1819 1508 1854 necesse
1541 1810 1624 1853 est
1642 1841 1656 1870 ‚

242 1897 423 1954 Multa
449 1898 676 1976 loquens
709 1897 974 1976 quoniam
1002 1900 1204 1955 amittit
1234 1899 1301 1954 de
1325 1890 1558 1976 corpore
1591 1910 1822 1975 partem.

319 2001 596 2076 Asperitas
627 2012 808 2057 autem
840 2001 986 2056 vocis
1018 2000 1084 2055 fit
1102 2000 1171 2055 ab
1200 2000 1499 2076 asperitate·

243 2099 649 2177 Principiorum
669 2144 684 2173 ‚
719 2113 775 2156 et
805 2101 933 2157 item
966 2091 1133 2156 laevor
1164 2098 1362 2155 laevore
1395 2106 1648 2168 creatur3

242 2200 361 2255 Nec
387 2197 549 2254 simili
579 2210 876 2276 penetrant
907 2220 1065 2258 aures
1093 2197 1396 2276 primordia
1428 2197 1607 2253 forma
1625 2239 1640 2268 ,

248 2298 440 2369 Quum
470 2298 604 2354 tuba
629 2298 884 2376 depresso
915 2299 1153 2376 graviter
1182 2297 1282 2352 sub
1311 2317 1591 2352 murmure
1621 2297 1795 2372 mugit
1817 2339 1831 2367 ,

243 2401 355 2454 Aut
380 2397 611 2454 reboant
635 2420 865 2456 raucum
891 2399 1148 2455 retrocita
1175 2417 1382 2454 cornua
1414 2397 1714 2467 bombum;

244 2495 493 2554 Vallibus
522 2510 578 2554 et
606 2499 761 2576 cycni
787 2497 981 2576 gelidis
1014 2499 1121 2553 orti
1150 2518 1214 2552 ex
1244 2495 1522 2552 Heliconis

244 2596 432 2668 Quum
465 2596 730 2675 liquidam
761 2597 966 2655 tollunt
993 2596 1217 2675 lugubri
1245 2617 1379 2652 voce
1413 2595 1706 2672 querelam.

324 2698 498 2753 Hasce
531 2698 699 2775 igitur
729 2699 944 2776 penitus
970 2717 1131 2753 voces
1162 2717 1332 2773 quum
1363 2715 1594 2771 corpore
1624 2707 1814 2751 nostro

244 2797 640 2873 ExprimimuS‚
671 2812 928 2876 rectoque
963 2799 1110 2855 foras
1142 2798 1438 2854 emittimus
1472 2817 1564 2851 ore
1584 2838 1598 2866 ,

245 2894 469 2953 Mobilis
500 2899 752 2957 articulat
776 2901 1073 2957 verborum
1101 2897 1307 2955 daedala
1340 2896 1557 2974 lingua,

246 2997 675 3074 Formaturaque
701 2998 982 3056 labrorum
1009 3020 1112 3077 pro
1145 3010 1301 3076 parte
1338 2997 1554 3073 figurat.

229 3095 434 3170 *Atque
462 3094 555 3150 ubi
582 3117 690 3153 non
721 3097 949 3177 longum
978 3100 1219 3177 spatium
1249 3109 1354 3168 est,
1386 3095 1532 3151 unde
1558 3094 1648 3150 illa
1672 3096 1916 3172 profecta

245 3194 534 3250 Perveniat
563 3216 670 3251 vox
701 3218 959 3275 quaeque,
992 3219 1210 3256 necesse
1244 3209 1325 3253 est
1360 3195 1525 3252 verba
1555 3216 1775 3272 quoque
1805 3197 1920 3273 ipsa

245 3290 415 3349 Plane
441 3294 718 3367 exaudiri,
748 3296 1090 3374 discernique
1118 3295 1449 3354 articulatim
1472 3317 1484 3365 ;
