2300 3926
404 285 461 328 82
791 246 795 248 v
959 281 1010 322 T.
1047 278 1334 323 LUCRETII
1370 276 1510 320 CARI
1805 304 1814 314 ,
1933 271 1981 317 (v.
2001 270 2022 306 8
2033 271 2087 321 κ.)

399 387 477 440 Ut
506 382 605 437 sibi
636 380 969 435 consciscant
1000 379 1246 434 moerenti
1277 389 1496 453 pectore
1525 374 1764 429 lethum:

402 478 571 536 Obliti
600 478 805 533 fontem
833 495 1088 532 curarum
1117 477 1263 531 hunc
1297 494 1411 530 esse
1440 474 1719 540 timorem3

401 579 559 632 Hunc
587 595 777 631 vexare
807 573 1093 650 pudorem,
1125 571 1273 628 hunc
1301 569 1515 627 vincula
1540 568 1794 626 amicitiai

401 677 699 749 Rumpere,
730 685 782 728 et
811 674 866 726 in
902 690 1111 727 summa
1141 672 1397 746 pietatem
1425 681 1663 725 evertere
1692 665 1889 722 fundo:

402 773 542 827 Nam
562 772 672 846 jam
700 790 838 846 saepe
866 771 1111 824 homines
1137 770 1370 845 patriam
1399 787 1655 843 carosque
1683 776 1935 842 parentes

403 869 788 941 prodiderunt,
819 869 990 923 vitare
1020 868 1319 923 Acherusia
1347 865 1550 942 templa
1581 876 1843 941 petentes.

482 971 646 1038 Nam,
679 965 844 1022 veluti
874 966 1028 1042 pueri
1052 965 1357 1041 trepidant,
1389 977 1551 1040 atque
1581 964 1761 1019 omnia
1791 959 1944 1016 caecis

403 1070 468 1127 In
497 1065 733 1121 tenebris
761 1075 1037 1133 metuunt3
1071 1064 1146 1117 sic
1180 1083 1307 1131 n08‚
1337 1064 1394 1117 in
1426 1061 1575 1131 luce,
1607 1063 1858 1116 timemus

402 1162 709 1229 Interdum,
741 1159 912 1214 nihilo
940 1180 1060 1234 quae
1090 1172 1215 1214 sunt
1243 1159 1535 1215 metuenda
1562 1159 1758 1239 magis,
1790 1176 1951 1231 quam

404 1262 539 1331 Quae
568 1257 722 1333 pueri
751 1258 808 1311 in
838 1257 1072 1311 tenebris
1100 1258 1367 1332 pavitant,
1397 1258 1721 1333 finguntque
1748 1255 1947 1309 futura.

403 1360 561 1412 Hunc
591 1355 758 1431 igitur
786 1366 1049 1408 terrorem
1083 1354 1248 1415 animi
1276 1354 1658 1428 tenebrasque,
1693 1371 1908 1408 necesse
1935 1363 2043 1417 est,

405 1456 533 1512 Non
563 1452 699 1508 radii
728 1450 853 1507 solis
882 1470 1056 1526 neque
1090 1449 1270 1506 lucida
1298 1448 1406 1506 tela
1439 1449 1547 1505 diei

408 1551 750 1619 Discutiant,·
778 1549 872 1604 sed
897 1549 1119 1604 Naturae
1150 1549 1356 1624 species
1382 1550 1647 1624 ratioque.

484 1650 726 1705 Primum
755 1647 999 1702 animum
1026 1645 1173 1714 dice,
1202 1657 1440 1702 mentem
1470 1666 1633 1722 quem
1663 1667 1800 1723 saepe
1829 1664 2104 1715 vocamuS‚

407 1752 472 1805 In
502 1767 610 1823 quo
645 1744 928 1802 consilium
963 1746 1086 1799 vitae
1115 1746 1467 1821 regimenque
1501 1744 1740 1801 locatum
1769 1757 1873 1816 est,

407 1851 533 1904 Esse
563 1844 798 1900 hominis
827 1855 1063 1919 partem,
1093 1842 1265 1898 nihilo
1297 1843 1476 1899 minus
1509 1863 1571 1900 ac
1600 1864 1791 1899 manus
1822 1855 1876 1899 et
1904 1863 1999 1920 pes

409 1948 588 2020 Atque
617 1942 786 2012 oculi,
817 1953 997 2018 partes
1026 1942 1314 1997 animantis
1345 1943 1512 1998 totius
1542 1955 1769 1998 exstant.

407 2042 668 2114 Quamvis
694 2039 867 2094 multa
895 2039 1118 2115 quidem
1150 2041 1460 2116 sapientum
1493 2042 1655 2096 turba
1690 2052 1978 2118 putarunt,

407 2143 639 2195 Sensum
668 2138 833 2191 animi
867 2148 1015 2192 certa
1043 2158 1156 2192 non
1184 2159 1299 2194 esse
1327 2140 1384 2193 in
1415 2152 1569 2215 parte
1600 2139 1872 2195 locatum:

406 2242 614 2296 Verum
644 2237 892 2316 habitum
921 2237 1194 2312 quendam
1227 2238 1449 2295 vitalem
1478 2240 1721 2317 corporis
1751 2262 1864 2296 esse
1881 2283 1896 2311 ‚

407 2336 763 2392 Harmoniam
800 2336 955 2391 Graii
985 2356 1150 2410 quam
1180 2336 1397 2408 dicunt3
1426 2339 1575 2415 quod
1605 2338 1762 2395 faciat
1792 2360 1890 2394 nos

408 2435 606 2492 Vivere
632 2453 755 2487 cum
785 2451 967 2501 sensu,
997 2433 1148 2488 nulla
1178 2455 1348 2508 quum
1378 2439 1436 2491 in
1465 2439 1749 2514 parte-siet
1775 2457 1944 2492 menS.

409 2535 487 2589 Ut
513 2533 660 2588 bona
688 2551 826 2606 saepe
856 2529 1113 2586 valetudo
1143 2552 1315 2606 quum
1345 2533 1543 2590 dicitur
1571 2557 1687 2592 esse

411 2630 695 2706 Corporis,
724 2639 778 2684 et
806 2649 917 2683 non
945 2641 1027 2683 est
1058 2641 1240 2685 tamen
1267 2632 1384 2687 haec
1412 2653 1538 2708 pars
1567 2633 1679 2689 ulla
1704 2633 1932 2689 valentis
1957 2656 1970 2688 .·

413 2729 500 2785 Sic
530 2728 697 2783 animi
725 2743 946 2799 sensum
973 2747 1086 2782 non
1115 2741 1262 2784 certa
1292 2742 1445 2806 parte
1473 2744 1778 2807 reponunt:

411 2829 745 2901 Magnopere
775 2825 833 2879 in
865 2845 976 2901 quo
1004 2826 1080 2880 mi
1110 2825 1307 2882 diversi
1341 2849 1523 2883 errare
1557 2828 1823 2885 videntur.

493 2927 643 3000 Saepe
668 2924 858 2999 utique
887 2926 944 2979 in
962 2936 1221 3000 promptu
1242 2946 1463 3002 corpu5‚
1491 2928 1636 3002 quod
1655 2929 2109 3004 cernit11r7aegrit,

413 3023 599 3093 Quum
627 3035 809 3077 tamen
840 3043 906 3077 ex
939 3022 1044 3078 alia
1072 3021 1318 3078 laetamur
1347 3010 1750 3100 parke-‘zlatenth
1798 3086 1802 3093 ,

413 3123 486 3175 Et
513 3133 660 3176 retro
690 3121 776 3190 fit,
809 3120 891 3175 uti
918 3123 1205 3177 contrasit
1232 3143 1370 3198 saepe
1400 3121 1663 3194 vicissim,

413 3221 600 3290 Quum
629 3221 793 3275 miser
821 3240 886 3275 ex
916 3222 1122 3282 animo,
1155 3219 1367 3277 laetatur
1393 3244 1621 3300 corpore
1654 3235 1792 3279 toto:
