2320 3866
853 270 919 314 ιΝ
953 270 1335 318 LUCRETIUM.
1860 287 1946 332 291

303 367 364 433 (v.
394 369 504 414 232.
507 364 686 433 )Apud
707 367 1006 413 Plutarchum
1026 367 1259 412 Adversus
1286 367 1509 423 Colotem‚
1537 382 1613 424 2ο,
1633 366 1862 428 Epicuraei
1887 368 1954 413 di-

239 453 412 490 cuntur
439 453 511 499 τὴν
535 450 670 495 οὖσιαν
697 450 996 508 συμπηγνύντες
1026 451 1148 500 αὐτῆς
1177 442 1196 507 (
1209 458 1278 501 τῆς
1305 441 1519 508 ψυχῆς)ἔκ
1546 467 1650 501 τινος
1683 454 1851 508 θερμοῦ,
1884 453 1954 494 καὶ

237 534 531 586 πνίυμτίκῦΰ,
563 528 634 571 καὶ
661 522 868 585 ἀφωθυς.

302 599 415 642 lam
428 598 605 659 triple-z·
622 596 772 642 animi
789 605 858 647 est
881 597 1025 657 igitur
1045 607 1218 644 natura
1241 609 1432 659 reperta
1461 596 1525 662 (v.
1545 591 1680 661 238).
1698 597 1882 645 Scilicet
1897 612 1955 642 ex

237 689 382 733 aura,
406 689 512 720 aere
535 682 582 719 et
606 674 759 719 calore
789 681 1021 719 constans.

312 753 495 810 Quarta
515 766 719 812 quoque,
749 756 837 795 etc.
864 747 927 814 (v.
964 750 1093 815 242).
1117 751 1338 799 Similiter
1372 751 1606 812 Epicurus
1637 751 1955 798 contendebat

234 827 435 874 animam
449 843 546 874 esse
568 836 706 891 κρᾶμα
734 834 778 876 ἐκ.
801 836 1008 892 τεσσάρων
1026 861 1040 885 ,
1057 837 1102 878 ἐκ
1130 841 1246 878 ποιοῦ
1261 831 1534 893 πυρώδους,’
1518 852 1563 878 εκ
1594 840 1710 878 ποιοῦ
1727 831 1955 892 ἀερώδους,

234 913 280 955 ἐκ.
309 917 425 956 ποιοῦ
458 915 749 968 πνευματικοῦ,
775 912 819 954 ἐκ
848 912 1042 969 τετάρτου
1067 913 1427 969 ἀκατονομάστου,
1452 913 1471 955 ὃ
1496 909 1542 959 ἦν
1566 914 1678 968 αὐτῷ
1708 910 1955 958 αἰσθητικόν.

231 984 529 1040 Pam-Aaou„
559 981 620 1024 de
641 981 776 1026 Plac.
803 981 930 1042 phil.
941 1014 958 1037 ‚
984 997 1052 1041 ιν,
1085 982 1128 1028 3.

297 1054 360 1122 (v.
390 1054 519 1121 249.)
540 1058 751 1103 Verbum
782 1058 1042 1104 mobilitare
1061 1069 1231 1120 praeter
1244 1060 1371 1105 hunc
1394 1060 1553 1106 locum
1577 1075 1678 1105 non
1702 1058 1794 1106 nisi
1823 1057 1953 1119 apud

230 1133 468 1180 coecilium
495 1137 634 1197 Prog.
667 1136 714 1180 in
738 1136 919 1193 Nonio,
950 1152 1019 1196 1v,
1049 1137 1169 1196 300,
1200 1137 1452 1183 invenitur.

291 1213 352 1256 In
371 1226 554 1257 summo
577 1228 772 1274 corpore
801 1210 864 1276 (v.
895 1211 1153 1278 257).1.e.
1181 1214 1232 1259 in
1254 1213 1503 1275 superficie
1536 1212 1761 1274 corporis.

208 1294 212 1297 ’
296 1287 492 1349 Compta
513 1286 577 1354 (v.
614 1287 806 1354 260).1.
835 1307 876 1337 e.
907 1291 1164 1352 adornata,
1195 1292 1438 1338 instructa.

291 1365 466 1411 Multoe
491 1367 566 1411 vis
589 1364 651 1431 (v.
685 1365 821 1432 266).
852 1369 934 1414 Vis
956 1369 1007 1414 in
1028 1385 1228 1416 numero
1259 1370 1432 1431 plurali
1456 1370 1665 1431 positum
1692 1368 1789 1428 jam
1804 1365 1957 1411 adfuit

230 1459 301 1501 11,
331 1440 442 1502 587,
464 1443 526 1489 de
550 1459 647 1504 qua
680 1444 894 1492 obsoleta
925 1446 1105 1506 forma,
1126 1456 1298 1508 praeter
1324 1447 1571 1505 Priscian„
1592 1463 1644 1491 VI
1659 1481 1672 1504 ,
1708 1459 1764 1489 12
1780 1447 1833 1502 ,5
1865 1443 1926 1496 64
1942 1477 1954 1499 ,

227 1529 275 1565 et
310 1521 467 1567 Valer.
499 1521 735 1581 Probum,
758 1538 807 1582 p.
837 1523 961 1580 1476
994 1521 1258 1587 (Putre-h),
1295 1524 1355 1568 cf.
1387 1524 1593 1583 interpp.
1630 1519 1955 1575 adMacrob.,

229 1597 329 1642 Sat.
353 1613 400 1655 1,
429 1613 487 1659 9,
518 1607 566 1643 et
590 1599 775 1644 Sallust.
799 1601 989 1659 Fmgm.
1025 1597 1099 1662 (p.
1135 1600 1254 1661 963,
1277 1597 1417 1663 Cort.)

291 1675 434 1720 Latet
441 1675 686 1736 subestque
700 1672 763 1738 (v.
779 1672 908 1739 274).
930 1675 1168 1722 «Maxime
1191 1675 1357 1731 intima
1370 1685 1438 1722 est
1453 1674 1658 1732 homini,
1673 1675 1798 1720 ultra
1813 1687 1956 1734 quam

224 1765 326 1796 non
347 1750 490 1796 datur
508 1767 719 1813 pergere.
749 1771 770 1792 υ
790 1751 969 1797 FAnnn.

292 1823 359 1891 (v.
386 1825 518 1892 276.)
533 1847 555 1869 α
571 1831 751 1887 Quarta
772 1827 860 1874 ista
881 1827 952 1874 vis
977 1844 1143 1890 expers
1159 1830 1364 1876 nominis
1390 1840 1459 1876 est
1475 1830 1610 1891 quasi
1634 1829 1788 1875 anima
1811 1827 1956 1873 totius

225 1903 414 1964 animae,
448 1905 702 1966 quoniam,
727 1905 848 1951 sicut
879 1905 1033 1953 anima
1065 1922 1265 1968 corpus,
1291 1907 1356 1953 sic
1379 1907 1581 1953 animam
1612 1906 1716 1967 ipsa
1746 1912 1955 1967 vegetat,

225 1990 273 2028 et
294 1997 456 2028 sensus
480 1981 718 2043 perficit.»
742 1983 955 2029 Cernen.

292 2055 664 2122 Etiam'quoque
687 2057 749 2124 (v.
786 2058 916 2124 293).
951 2061 1027 2106 Sic
1062 2061 1203 2107 etiam
1233 2078 1290 2120 v,
1327 2060 1431 2116 154.
1457 2061 1640 2108 Wakef.
1674 2058 1837 2105 laudat
1859 2060 1956 2102 Te-

224 2145 345 2183 rent.
361 2171 375 2194 ,
408 2139 521 2183 Hec.
534 2170 552 2193 ,
579 2153 656 2197 xv,
691 2153 711 2183 1
729 2171 744 2195 ,
771 2137 860 2195 28,
892 2137 1058 2199 ibique
1095 2139 1391 2184 Westerhov.
1424 2147 1471 2183 et
1494 2137 1669 2199 Apulei
1701 2138 1818 2182 Met.
1831 2168 1846 2190 ,
1871 2149 1952 2191 x1,

224 2228 274 2275 p.
301 2214 390 2261 811
409 2248 424 2272 ,
459 2212 582 2259 Oud.
1501 2255 1504 2258 ⁴

292 2290 371 2336 Sic
400 2290 641 2337 hominum
666 2306 816 2352 genus
852 2300 922 2337 est
955 2288 1018 2354 (v.
1054 2288 1192 2356 308).
1226 2294 1299 2340 Ex
1334 2292 1501 2339 iisdem
1537 2278 1781 2354 principiis
1812 2287 1953 2337 animi

223 2365 470 2412 hominum
493 2376 861 2428 componuntur.

296 2443 529 2505 Sequaces
551 2442 614 2510 (v.
641 2443 778 2509 316).
794 2465 814 2487 «
827 2447 864 2492 Ι.
879 2462 918 2492 e.
937 2448 1023 2508 qui
1043 2447 1153 2494 istas
1175 2456 1368 2493 naturas
1384 2454 1666 2507 sequuntur.
1685 2465 1704 2486 »
1732 2441 1947 2490 cannen.

291 2519 355 2585 (v.
372 2519 631 2586 320-324.)
644 2524 748 2569 Hoc
771 2538 886 2569 vero
902 2523 1136 2571 affirmare
1165 2533 1212 2570 et
1232 2525 1438 2589 probare
1460 2537 1655 2585 possum
1668 2558 1681 2581 ‚
1698 2531 1794 2568 tam
1807 2535 1954 2581 parva

226 2605 276 2645 et
302 2598 493 2646 tantillae
514 2597 731 2646 efficaciae
759 2600 953 2664 vestigia
990 2610 1287 2661 naturarum,
1315 2618 1419 2663 quae
1448 2598 1750 2662 philosophia
1773 2612 1951 2658 praece—

227 2673 324 2737 ptis
358 2675 455 2722 suis
489 2676 647 2724 delere
680 2694 780 2724 non
809 2678 985 2738 possit,
1010 2679 1239 2740 relinqui,
1273 2689 1326 2725 nt
1356 2678 1473 2723 nihil
1513 2678 1667 2723 obstet
1699 2674 1953 2736 quominus

225 2751 372 2799 vitam
392 2751 482 2801 diis
501 2754 693 2818 dignam
714 2755 928 2803 homines
952 2767 1106 2821 agant.

300 2830 504 2892 Dignam
526 2833 613 2878 Dss
643 2830 706 2896 (v.
752 2831 890 2898 323).
927 2834 1149 2880 Similiter
1183 2836 1442 2895 Epicurus,
1481 2833 1631 2893 Epist.
1658 2831 1726 2875 ad
1758 2830 1950 2874 Menoe-

227 2919 358 2951 ceum
387 2907 553 2970 (Diog.
583 2909 762 2969 Laert.,
797 2907 886 2975 x),
911 2915 935 2969 S
964 2910 1053 2958 135
1078 2927 1089 2957 ε
1114 2919 1226 2976 zade-0
1256 2915 1305 2960 δὲ
1338 2920 1386 2967 ὡς
1410 2918 1493 2966 θεὸς
1524 2918 1561 2959 ἐν
1592 2915 1820 2972 ἀνθρώποις·
1846 2912 1951 2955 οὐθὲν

226 2989 304 3049 γὰρ
329 2993 431 3034 loix·
452 2995 582 3049 θνητῷ
612 2993 700 3051 ζώῳ
723 2995 797 3044 ζῶν
824 2996 1024 3054 ἄνθρωπος
1058 2998 1094 3038 ἐν
1122 2996 1334 3045 ἀθανάτοις
1365 2994 1538 3052 ἀγαθοῖς.

270 3090 273 3093 -
297 3059 513 3106 Consorti
537 3062 639 3107 vita
661 3059 723 3126 (v.
749 3061 885 3128 333).
913 3065 1189 3111 Notandum
1221 3064 1402 3125 passive
1425 3063 1558 3110 sumi.

296 3135 358 3202 (v.
385 3134 516 3202 334.)
539 3140 638 3184 Nec
675 3155 848 3202 corpus
873 3143 932 3188 ab
959 3142 1113 3188 anima
1149 3149 1415 3203 separatum
1432 3176 1445 3200 ,
1474 3157 1561 3187 nec
1596 3140 1751 3185 anima
1780 3154 1806 3183 a
1841 3152 1952 3184 eor-

226 3230 346 3277 pore
371 3224 583 3277 separata
612 3232 696 3277 per
721 3234 769 3264 se
802 3233 938 3281 agere
962 3220 1145 3282 aliquid
1168 3229 1250 3266 aut
1265 3219 1434 3265 sentire
1457 3227 1614 3280 potest
1640 3216 1739 3263 sine
1765 3216 1954 3262 alterius

231 3308 323 3355 ope
346 3303 391 3340 et
415 3293 605 3340 auxilio.

1664 3400 1746 3457 19.
