2300 3926
170 325 223 374 (v.
247 324 391 376 ¹⁰71·)
580 321 662 365 DE
698 317 918 364 RERUM
950 317 1200 362 NATURA
1233 318 1346 364 LIB.
1383 321 1468 364 III.
1547 376 1550 379 Ι
1771 323 1857 368 115

168 427 319 498 Quid
347 426 448 481 sibi
478 425 703 500 quisque
728 419 860 476 velit
887 421 1123 490 nescire,
1153 433 1208 476 et
1232 440 1471 498 quaerere
1500 441 1737 497 semper,

168 529 519 583 Commutare
548 520 761 590 locum,
790 520 941 595 quasi
969 539 1106 575 onus
1134 519 1406 597 deponere
1433 522 1616 598 possit.

161 660 166 665 ·
243 625 367 681 Exit
393 642 529 699 saepe
552 620 694 677 foras
721 619 931 696 magnis
957 639 1021 675 ex
1048 619 1249 676 aedibus
1276 620 1367 677 ille
1385 664 1400 693 ,

163 726 293 779 Esse
317 722 464 778 domi
489 739 649 796 quem
671 730 958 795 pertaesum
984 732 1094 793 est,
1124 710 1413 796 subitoque
1437 720 1660 775 revertit
1686 740 1699 773 :

162 822 380 898 Quippe
407 819 536 875 foris
566 816 737 873 nihilo
764 817 959 875 melius
987 820 1083 895 qui
1111 820 1307 874 sentiat
1330 838 1459 873 esse.

162 920 348 976 Currit
373 938 533 995 agens
559 937 787 972 mannos
816 917 886 973 ad
914 916 1098 973 villam
1129 917 1220 973 hie
1247 917 1649 993 praecipitanter
1666 960 1682 988 ,

22 1011 24 1013 ’
91 1031 99 1037 ’
160 1016 432 1074 Auxilium
457 1018 614 1072 tectis
641 1018 794 1093 quasi
821 1015 962 1072 ferre
990 1015 1306 1099 ardentibus
1333 1017 1542 1072 instans
1570 1037 1582 1071 :

159 1117 366 1172 Oscitat
398 1114 672 1193 extemplo
691 1160 707 1187 ‚
735 1116 914 1193 tetigit
941 1136 1112 1192 quum
1138 1115 1329 1172 limina
1359 1115 1533 1187 villae3

156 1218 269 1271 Aut
300 1216 415 1272 abit
442 1218 500 1271 in
525 1235 777 1271 somnum
807 1217 984 1293 gravis
1001 1258 1016 1286 ,
1046 1229 1210 1292 atque
1242 1214 1443 1272 oblivia
1472 1216 1699 1291 quaerit;

155 1316 266 1370 Aut
292 1316 454 1370 etiam
487 1335 781 1392 properans
807 1316 998 1370 urbem
1027 1316 1163 1391 petit
1190 1328 1351 1390 atque
1376 1316 1581 1371 revisit.

154 1416 274 1469 Hoc
305 1434 362 1469 se
393 1415 620 1490 quisque
646 1413 811 1469 modo
839 1413 979 1491 fugit
1006 1435 1018 1468 ε
1050 1426 1135 1483 at,
1163 1434 1327 1490 quem
1358 1413 1560 1493 scilicet
1578 1456 1593 1485 ‚
1631 1425 1694 1468 ut
1725 1412 1786 1467 fit
1804 1455 1818 1482 ,

156 1510 408 1589 Effugere
442 1512 591 1568 haud
625 1513 767 1588 potis
800 1525 913 1583 est,
947 1513 1173 1589 ingratis
1206 1513 1373 1568 haeret
1404 1523 1459 1567 et
1492 1512 1674 1588 angit,

157 1611 448 1686 Propterea
469 1654 485 1682 ,
520 1612 695 1667 morbi
727 1612 856 1686 quia
887 1631 1103 1666 eausam
1137 1631 1249 1666 non
1283 1622 1430 1666 tenet
1461 1630 1602 1686 aeger
1630 1632 1641 1663 :

156 1708 341 1779 Quam
372 1710 508 1765 bene
537 1711 582 1765 si
616 1709 830 1782 videat,
861 1711 974 1785 jam
1007 1709 1168 1764 rebus
1202 1710 1432 1785 quisque
1463 1707 1664 1764 relictis

155 1809 423 1864 Naturam
449 1810 688 1884 primum
718 1807 935 1864 studeat
965 1828 1293 1886 cognoscere
1322 1828 1539 1879 rerum3

155 1908 439 1982 Temporis
468 1909 658 1963 aeterni
686 1909 945 1984 quoniam
962 1951 977 1980 ‚
1011 1929 1121 1964 non
1151 1909 1323 1964 unius
1342 1909 1490 1966 horae
1508 1950 1522 1979 ,

158 2006 472 2082 Ambigitur
498 2018 669 2062 status
686 2050 702 2080 ‚
730 2008 787 2063 in
815 2029 926 2084 quo
954 2023 1024 2063 sit
1050 2007 1373 2064 mortalibus
1402 2007 1580 2063 omnis

155 2104 300 2159 AEtas
326 2117 451 2181 post
476 2117 710 2162 mortem
729 2150 744 2179 ‚
777 2127 896 2182 quae
930 2118 1098 2163 restat
1128 2128 1343 2183 cunque
1363 2150 1377 2177 ‚
1403 2105 1687 2162 manenda.

234 2203 485 2279 Denique
504 2246 520 2275 ,
547 2215 831 2280 tantopere
860 2207 916 2260 in
942 2205 1122 2261 dubiis
1147 2205 1418 2280 trepidare
1443 2203 1659 2280 periclis

154 2304 289 2372 Quae
315 2301 458 2358 mala
483 2323 583 2358 nos
612 2303 814 2380 subigit
838 2305 970 2358 vitai
994 2315 1146 2359 tanta
1174 2303 1413 2379 cupido?
1492 2324 1496 2329 “

155 2395 318 2456 Certa
346 2388 565 2476 quidem
592 2401 715 2457 finis
742 2404 866 2458 vitae
891 2402 1213 2458 mortalibus
1242 2402 1419 2457 adstat
1435 2445 1451 2471 ⁷

154 2500 271 2556 Nec
295 2499 524 2555 devitari
552 2499 761 2556 lethum
787 2514 913 2577 pote
931 2545 946 2573 ‚
974 2504 1105 2579 quin
1136 2484 1408 2557 obeamus.

230 2599 494 2655 Praeterea
512 2642 528 2671 ‚
562 2620 842 2656 versamur
874 2600 1074 2657 ibidem
1093 2645 1107 2674 ,
1140 2613 1303 2678 atque
1333 2602 1578 2655 insumus
1613 2621 1817 2676 usque3

155 2698 273 2753 Nec
296 2717 438 2774 nova
462 2698 698 2755 vivendo
730 2700 1055 2776 procuditur
1080 2699 1193 2756 ulla
1220 2698 1472 2775 voluptas
1490 2742 1505 2769 ‚

155 2789 262 2849 Sed
288 2793 419 2852 dum
443 2797 593 2853 abest
610 2841 626 2869 ‚
656 2799 805 2875 quod
830 2820 1050 2856 avemus
1067 2844 1083 2871 ‚
1118 2801 1175 2855 id
1201 2783 1523 2875 exsuperare
1551 2798 1764 2853 videtur

157 2895 366 2948 Caetera
390 2915 403 2948 ε
430 2907 556 2970 post
577 2896 757 2968 aliud,
789 2920 962 2975 quum
990 2901 1221 2976 contigit
1247 2897 1382 2952 illud
1401 2939 1415 2967 ‚
1444 2917 1664 2952 avemus
1683 2941 1697 2967 ‚

157 2993 226 3046 Et
252 2991 368 3046 sitis
392 3011 544 3068 aequa
568 3006 716 3052 tenet
740 2997 871 3053 vitai
898 3019 1109 3075 semper
1134 2999 1375 3065 hiantes3

155 3092 487 3166 Posteraque
511 3092 567 3146 in
594 3092 761 3151 dubio
787 3109 868 3152 est
890 3097 1167 3153 fortunam
1193 3117 1357 3173 quam
1385 3096 1547 3152 vehat
1572 3107 1726 3167 aetas,

157 3188 374 3261 Quidve
400 3188 537 3244 ferat
567 3191 721 3247 nobis
746 3214 926 3267 casus,
960 3199 1121 3272 quive
1146 3197 1318 3252 exitus
1344 3196 1523 3251 instet.

238 3288 351 3345 Nec
377 3308 659 3363 prorsum,
687 3291 851 3348 vitam
882 3295 1160 3368 ducend0,
1198 3295 1427 3351 deminis
1455 3293 1628 3349 hilum

1571 3394 1622 3450 8.
