2320 3866
423 239 448 286 3
456 252 480 283 2
488 252 512 281 2
1027 240 1509 284 ADNOTATIONES

421 340 688 376 crescerent.
716 331 948 392 Allegoria
969 341 1036 377 est
1051 333 1190 378 ducta
1219 334 1277 380 ab
1305 334 1437 394 equis
1457 334 1628 394 quibus
1650 334 1839 380 habenae
1867 336 1926 380 ab
1948 331 2117 399 aurigis

420 409 541 453 inter
567 407 845 452 currendum
875 409 1102 452 laxantur.
1122 428 1140 448 »
1169 411 1379 454 Lunam.

487 485 660 528 Adulto
681 479 743 543 (v.
776 481 909 545 798).
938 483 1118 528 Wakef.
1149 499 1255 528 cum
1287 484 1502 530 omnibus
1536 485 1666 530 libris
1695 485 1844 530 edidit
1861 487 2053 541 adulta,
2073 497 2119 531 et

419 560 576 604 locum
607 558 669 602 sic
701 558 926 602 construit
955 575 966 603 ε
994 560 1165 603 «Plura
1199 568 1245 603 et
1273 561 1450 619 majora
1481 571 1664 619 coorta,
1690 563 1882 617 adulta,
1917 562 1948 606 i.
1990 578 2029 606 e.
2059 563 2120 607 ad

420 649 550 679 suam
582 633 947 694 magnitudinem
979 635 1229 694 perducta,
1251 637 1414 681 tellure
1436 652 1558 682 nova
1588 646 1729 698 atque
1753 639 1919 683 aethere
1936 653 2076 682 novo.
2100 657 2120 678 >›

486 729 505 750 <‹
529 712 683 755 Terroe
712 708 880 774 (806),
920 727 1028 756 casu
1051 713 1217 769 tertio;
1248 714 1505 769 radicibus,
1535 724 1689 771 sext03
1715 715 1779 759 ita
1812 723 1934 760 certe
1962 715 2119 759 locum

419 785 646 830 intellexit
671 786 974 845 Censorinus,
1020 803 1058 832 c.
1099 795 1125 842 4
1158 805 1168 832 :
1199 808 1218 828 «
1248 789 1477 848 Epicurus
1517 790 1714 835 credidit
1752 790 1865 834 limo
1900 790 2120 835 calefacto

422 871 609 908 «uteros
623 863 778 909 nescio
795 878 918 924 quos
932 864 1167 909 radicibus
1181 874 1313 910 terrae
1328 866 1606 911 cohaerentes
1616 866 1819 926 primum
1835 865 2122 912 increvisse.»

1765 943 2024 986 ORELLms.

486 1015 732 1059 Humorem
749 1013 816 1077 (V.
848 1013 983 1077 808).
1004 1018 1060 1060 In
1085 1033 1181 1076 quo
1200 1017 1338 1061 videl.
1366 1016 1562 1062 infantes
1590 1018 1639 1061 in
1663 1017 1761 1062 istis
1790 1018 1933 1062 uteris
1959 1017 2125 1061 inclusi

419 1090 654 1134 natabant.

495 1167 633 1223 Quod
652 1166 798 1210 omnis
806 1174 913 1220 ‚cto
932 1163 1084 1228 (812).
1101 1165 1336 1222 Quoniam
1352 1165 1500 1210 omnis
1511 1166 1668 1226 liquor
1680 1169 1853 1212 lacteus
1873 1183 1958 1226 per
1973 1177 2123 1213 totum

421 1256 591 1299 corpus
618 1240 814 1285 diffusus
842 1250 941 1285 tum
962 1241 1184 1300 temporis
1210 1241 1259 1284 in
1288 1256 1506 1285 mammas
1534 1241 1784 1286 derivatur.

493 1318 663 1361 Omnia
685 1318 889 1377 migrant
910 1315 972 1379 (v.
1002 1314 1141 1380 828).
1163 1319 1199 1362 Ι.
1219 1332 1258 1361 e.
1284 1316 1438 1361 omnia
1456 1325 1709 1362 mutantur.

493 1393 676 1436 Vertere
699 1389 761 1454 (v.
781 1389 909 1455 829).
934 1394 972 1437 I.
1000 1408 1038 1436 e.
1065 1408 1112 1437 se
1131 1401 1333 1449 vertere,
1356 1392 1490 1439 verti.

485 1471 542 1513 V.
574 1469 684 1527 837,
712 1484 853 1528 quem
874 1469 1055 1514 Wakef.
1082 1469 1144 1513 sic
1177 1468 1324 1514 edidit
1350 1486 1360 1513 ε

595 1591 872 1644 Androgynem
895 1591 998 1631 inter
1015 1599 1120 1631 utras
1137 1621 1149 1640 ,
1164 1604 1236 1631 nec
1254 1598 1480 1645 utramque,
1501 1591 1687 1644 utrinque
1705 1599 1898 1632 remotum
1915 1621 1928 1641 ,

422 1720 607 1776 L'amb.,
638 1721 813 1775 Faber,
842 1721 1054 1776 Crce'ch„
1081 1711 1227 1763 Bentl.
1251 1718 1420 1778 aliique
1445 1719 1656 1778 spurium
1684 1728 1980 1777 censuerunt,
2005 1708 2132 1764 recte

421 1805 576 1841 autem
608 1797 790 1842 Wakef.
825 1806 870 1840 et
910 1798 1051 1842 Orell.
1088 1795 1347 1841 defendisse
1378 1795 1611 1853 videntur,
1641 1812 1845 1856 quorum
1882 1796 1959 1840 ille
1997 1796 2131 1854 dicit,

419 1881 611 1932 poetam
630 1887 704 1916 res
716 1877 1000 1917 monstrosas
1019 1887 1159 1917 versu
1173 1880 1436 1916 monstroso
1457 1871 1659 1916 vividius
1672 1870 1890 1933 effingere
1910 1872 2131 1927 voluisse,

421 1947 497 1991 hic
518 1963 632 1991 vero
657 1963 841 1991 omnem
858 1963 1043 1992 versum
1066 1963 1090 1992 e
1110 1933 1259 2009 graeco
1282 1947 1411 1992 fonte
1439 1947 1568 1992 haud
1589 1947 1724 1992 nimis
1754 1946 1947 1991 feliciter
1977 1947 2134 1991 detor-

419 2033 521 2068 tum
557 2024 713 2068 habet.
753 2023 978 2069 Ordinem
1012 2033 1058 2068 et
1079 2029 1281 2069 'sensum
1316 2023 1497 2069 Wakef.
1529 2023 1594 2068 sic
1628 2023 1859 2083 explicat:
1880 2042 1900 2063 «
1932 2025 2132 2069 Herma-

418 2099 695 2158 phroditum
720 2098 841 2143 inter
872 2108 1026 2144 utram
1045 2108 1259 2157 naturam
1272 2133 1285 2156 ,
1306 2098 1452 2144 virilis
1467 2108 1607 2159 atque
1629 2098 1891 2155 muliebris,
1923 2098 2028 2159 quis
2047 2114 2135 2144 ve—

418 2175 498 2234 lit3
540 2191 627 2220 nec
661 2184 839 2232 tamen,
874 2176 957 2236 qui
990 2185 1238 2241 utramque
1270 2184 1485 2220 naturam
1525 2174 1576 2219 in
1593 2191 1640 2220 se
1660 2175 1748 2220 rite
1775 2163 2134 2240 complectatur,

421 2268 569 2312 quum
592 2252 650 2297 sit
679 2268 809 2312 aeque
838 2262 1046 2298 remotus
1074 2254 1132 2298 ab
1162 2262 1377 2312 utraque.
1405 2271 1425 2292 »
1862 2251 1866 2254 ⁴

485 2330 741 2374 Absterruit
760 2340 946 2374 auctum
970 2328 1032 2394 (v.
1061 2326 1190 2393 844).
1223 2331 1335 2375 Non
1359 2344 1493 2389 passa
1513 2338 1583 2374 est
1614 2329 1693 2374 illa
1726 2344 1930 2374 crescere
1950 2338 2007 2374 ¹et
2038 2346 2131 2374 nu·-

420 2403 542 2449 triri,

492 2479 715 2525 Canum...
744 2481 886 2525 corda
917 2478 980 2544 (v.
1005 2478 1133 2542 862).
1158 2483 1195 2527 Ι.
1229 2497 1268 2526 e.
1296 2497 1430 2526 canes
1448 2481 1551 2540 ipsi.

461 2569 463 2571 ·
486 2557 557 2600 De
578 2571 696 2600 voce
729 2557 959 2600 veterinus
981 2553 1041 2618 (v.
1073 2553 1193 2619 863)
1216 2557 1274 2600 cf.
1294 2556 1510 2613 Nomus,
1537 2573 1577 2613 1,
1603 2563 1684 2613 44,
1715 2565 1761 2601 et
1779 2547 1982 2612 Fns'rUS,
2018 2574 2050 2602 s.
2085 2574 2130 2603 v.

420 2632 701 2686 veterinum,
728 2630 811 2691 qui
833 2639 1034 2691 uterque
1062 2631 1222 2687 docet,
1243 2631 1453 2690 jumenta
1477 2632 1658 2691 aliaque
1679 2631 1890 2676 animalia
1919 2618 1983 2676 sic
2008 2633 2131 2679 dicta

424 2722 520 2752 esse
547 2722 574 2752 a
599 2707 828 2759 vehendo.
1466 2703 1470 2713 '

492 2785 674 2829 Secutoe
698 2781 760 2847 (v.
788 2782 908 2847 866)
922 2783 1110 2844 respicit
1124 2784 1327 2844 pecudes
1347 2799 1391 2830 v.
1419 2783 1513 2837 864
1535 2792 1931 2841 commemoratas,
1961 2787 2035 2830 vel
2048 2801 2129 2831 re—

422 2859 595 2905 motius
616 2860 879 2919 subjectum
905 2861 1194 2915 animantes,
1231 2875 1327 2920 quo
1348 2859 1592 2904 Lucretius
1616 2859 1780 2919 saepius
1806 2868 1974 2921 genere
1993 2861 2131 2906 femi-

422 2936 535 2981 nino
552 2936 715 2982 utitur.

488 3009 550 3075 (v.
577 3009 706 3076 879.)
728 3013 929 3058 «Sensus
945 3022 1013 3057 est
1044 3028 1055 3056 :
1081 3014 1152 3057 Ita
1176 3020 1231 3058 ut
1254 3028 1312 3057 ex
1329 3020 1528 3071 utraque
1551 3020 1685 3071 parte
1709 3012 1928 3069 monstri,
1953 3028 2010 3057 ex
2032 3013 2126 3057 ho-

422 3087 546 3132 mine
569 3097 685 3148 puta
713 3097 758 3132 et
780 3104 903 3148 equo
929 3088 1204 3146 constantis,
1226 3097 1428 3148 nequeat
1460 3103 1554 3133 esse
1576 3103 1663 3148 par
1690 3088 1865 3133 utilitas
1883 3089 2126 3134 membro-‘

423 3177 549 3222 rum3
578 3165 655 3209 vel
683 3179 694 3208 t
717 3164 1009 3224 Impossibile
1034 3173 1124 3222 est,
1159 3163 1436 3209 animantem
1465 3164 1530 3210 sic
1569 3163 1873 3224 compositam
1907 3162 2125 3210 membris

425 3237 688 3300 alienigenis
724 3240 977 3300 utrobique
996 3240 1141 3303 fungi.
1166 3261 1185 3282 »
1220 3242 1415 3287 WAKEr.
