2320 3866
433 268 524 314 290
1041 221 1535 297 ADNOTATmNEs

431 346 779 394 discriminatim
809 361 919 390 usus
949 353 1016 390 est
1038 346 1305 404 Lucretius,
1329 354 1376 391 et
1403 344 1571 406 quidni
1586 344 1637 390 id
1660 344 1853 403 faceret,
1867 360 2013 405 quum
2034 347 2141 389 ani-

429 440 531 469 mus
563 434 608 469 et
629 423 791 468 anima
817 436 962 466 unam
991 429 1173 466 tantum
1194 430 1410 476 naturam
1432 419 1746 467 constituant?
1776 421 1975 465 Animus
1991 429 2143 466 autem

429 500 480 544 in
509 517 606 561 quo
634 498 754 544 ratio
779 498 863 543 sita
895 506 987 555 est,
1010 497 1142 542 istius
1164 506 1343 542 naturae
1365 498 1599 558 praecipua
1620 512 1755 557 pars,
1785 497 1836 541 in
1865 497 2012 543 corde
2035 497 2148 542 situs

431 586 520 632 est,
554 576 638 622 uhi
676 591 837 621 omnes
872 574 1110 635 passiones
1146 573 1277 620 sedes
1315 589 1419 619 suas
1453 575 1648 632 habent,
1687 582 1734 618 et
1776 589 1872 619 sese
1898 580 2146 618 ostentant.

432 654 628 709 Anima,
662 653 804 712 hujus
835 661 1014 698 naturae
1039 667 1149 711 pars
1187 651 1404 708 inferior,
1441 650 1492 696 in
1523 667 1617 712 qua
1647 651 1841 696 facultas
1863 650 2148 695 locomotiva

429 730 665 792 praecipue
681 730 768 777 sita
792 738 884 788 est,
902 745 989 790 per
1015 737 1170 774 totum
1200 744 1375 789 corpus
1390 728 1562 774 diffusa
1584 736 1652 774 est
1667 737 1713 774 et
1735 728 1797 773 ad
1823 736 1992 773 nutum
2007 726 2148 772 animi

431 818 691 854 movetur.»
725 810 936 855 Cnnzcn.
1653 861 1659 865 .

497 883 557 948 (v.
599 883 724 948 142.)
819 893 874 934 Τὸ
899 888 948 934 δὲ
970 892 1166 949 λογικὸν...
1205 892 1241 933 ἐν
1267 896 1324 945 τῷ
1351 890 1522 947 θώρακι,
1550 890 1600 938 ὣς
1624 886 1743 937 δῆλον
1776 891 1820 931 ἔκ.
1842 906 1888 931 τε
1915 894 1993 930 τῶν
2019 888 2147 944 φόβων

431 969 500 1010 καὶ
523 975 594 1018 τῆς
615 971 753 1026 χαρᾶς.
775 963 976 1007 EPIGUR.
998 962 1066 1004 ad
1089 962 1256 1006 Herod.
1272 994 1287 1015 ,
1323 965 1347 1018 S
1371 960 1448 1005 66.

503 1040 542 1080 V
545 1053 759 1099 ocemque
781 1038 959 1082 aboriri
981 1035 1043 1099 (v.
1074 1035 1199 1099 156).
1216 1038 1253 1081 I.
1279 1052 1319 1081 e.
1345 1036 1492 1093 effici,
1517 1044 1571 1081 ut
1591 1051 1688 1081 vox
1715 1034 1869 1080 oriens
1890 1033 2151 1079 intercidat.

500 1113 561 1177 (v.
602 1111 728 1176 162.)
754 1098 859 1158 Hoc
894 1121 942 1158 et
970 1112 1105 1172 quod
1125 1112 1341 1171 proxime
1366 1112 1580 1171 seq'uitur
1597 1121 1919 1173 argumentum
1948 1111 2019 1156 his
2039 1126 2154 1156 ver-
2221 1130 2229 1134 ·

430 1191 526 1248 bis,
557 1190 657 1249 ipse
680 1175 914 1249 Epicurus
947 1189 1015 1232 ad
1049 1189 1271 1233 Hemdot.
1286 1221 1301 1243 ,
1331 1191 1355 1245 5
1383 1188 1463 1245 67,
1487 1187 1814 1247 complectitur
1848 1203 1859 1231 :
1890 1195 1942 1236 Οἱ
1975 1196 2157 1251 λέγοντες

435 1274 652 1330 ἀσώματον
701 1267 802 1315 εἶναι
832 1273 903 1319 τὴν
937 1271 1062 1328 ψυχὴν
1098 1271 1408 1328 ματαιάζουσιν.
1439 1272 1563 1314 Οὐθὲν
1597 1270 1673 1328 γὰρ
1713 1269 1759 1312 ἂν
1794 1266 1962 1313 ἐδύνατο
1999 1273 2125 1314 ποιεῖν
2145 1305 2157 1324 ,

435 1351 523 1392 οὔτε
539 1350 729 1405 πάσχειν,
755 1350 788 1391 εἰ
810 1347 855 1396 ἦν
883 1350 1064 1394 τοιαύτη’
1079 1353 1144 1390 νῦν
1171 1344 1212 1389 δ’
1228 1348 1400 1405 ἐναργῶς
1428 1347 1637 1405 ἀμφότεροι
1656 1351 1792 1389 ταῦτα
1821 1342 2154 1405 διαλαμβάνομεν

433 1426 523 1484 περὶ
551 1428 621 1474 τὴν
647 1427 772 1483 ψυχὴν
800 1426 855 1469 τὰ
883 1425 1192 1483 συμπτώματα.

500 1499 557 1541 V.
597 1494 814 1554 171-175
840 1493 1162 1556 supposititios
1189 1509 1286 1540 esse
1314 1502 1362 1539 et
1391 1493 1613 1540 Lucretio
1645 1492 1868 1555 indignos
1895 1493 2158 1552 suspicatur

432 1572 670 1630 Lambiu„
694 1572 912 1632 illiusque
936 1571 1246 1633 suspicionem
1278 1570 1353 1615 vir
1378 1569 1569 1632 maximi
1589 1569 1758 1630 judicii
1784 1569 2048 1615 Gassendus
2068 1584 2156 1629 ap-

437 1651 631 1712 probat.
1711 1692 1717 1697 ,

502 1724 564 1791 (V·
601 1725 726 1790 180.)
757 1727 869 1777 Ᾱλλὰ
903 1735 977 1791 μὴν
1013 1733 1083 1775 καὶ
1118 1729 1216 1776 τόδε
1245 1733 1351 1789 λέγει
1388 1732 1425 1773 ἐν
1466 1733 1596 1780 ἄλλοις
1628 1730 1668 1781 ἐξ
1703 1731 1862 1788 ἀτόμων
1897 1731 2020 1778 αὐτὴν
2058 1729 2156 1780 (τὴν

437 1806 584 1866 ψυχὴν)
622 1812 857 1867 συγκεῖσθαι
887 1811 1102 1852 λειοτάτων
1136 1807 1205 1851 καὶ
1252 1808 1644 1865 στρογγυλωτάτων,
1683 1807 1725 1850 ob
1758 1797 1907 1863 (hanc
1945 1815 2003 1844 ex
2034 1801 2156 1859 conj·

434 1880 713 1941 particulam
742 1879 876 1925 addit
908 1876 1191 1942 Gassendus)
1219 1890 1354 1940 πολλῷ
1393 1901 1471 1926 τινι
1502 1880 1772 1941 διαφερουσῶν
1807 1888 1886 1925 τῶν
1918 1887 1988 1925 τοῦ
2027 1884 2159 1940 πυρὸς.

434 1958 634 2002 Ermun.
670 1958 738 2000 ad
757 1958 999 2012 Herodot.‚
1027 1960 1050 2013 5
1082 1956 1158 2000 66.

506 2037 652 2079 Actus
698 2031 760 2096 (v.
798 2031 923 2096 193).
959 2035 1190 2090 «Cursus,
1223 2029 1429 2077 fluxus.»
1454 2032 1669 2079 Lunum.
1703 2032 1908 2086 «Tenor,
1941 2029 2163 2073 ductus.»

1419 2118 1422 2119 ’
1882 2106 2060 2151 Fun.

507 2188 764 2247 Spiclorum
792 2184 853 2250 (v.
884 2182 1009 2249 199).
1046 2183 1140 2230 Alii
1168 2185 1412 2245 spicarum.

505 2265 640 2309 Nenu
659 2272 819 2324 potest
842 2260 904 2326 (v.
938 2259 1069 2326 200).
1096 2263 1133 2307 I.
1167 2276 1206 2306 e.
1229 2277 1329 2307 non
1357 2268 1527 2322 potest.
1545 2262 1618 2306 De
1632 2260 1869 2306 vocabulo
1885 2275 2005 2304 nenu
2027 2258 2163 2319 quod

436 2339 582 2398 redit,
614 2357 681 2398 nr,
712 2346 832 2398 714,
865 2340 923 2384 cf.
953 2341 1170 2396 Nomus,
1206 2355 1278 2396 11,
1305 2337 1414 2385 580.

504 2418 725 2477 Deliquat
752 2414 814 2479 (v.
842 2413 969 2478 209).
986 2418 1023 2460 I.
1041 2431 1080 2460 e.
1099 2415 1317 2461 declarat.
1348 2415 1533 2462 Wakef.
1566 2430 1672 2460 cum
1694 2414 1828 2461 libris
1857 2422 2040 2459 tantum
2061 2428 2162 2458 non

441 2493 659 2538 omnibus
683 2494 879 2537 dedicat.
1976 2525 1979 2527 .

505 2571 710 2631 Indepta
742 2566 803 2632 (v.
841 2566 969 2632 213).
1004 2567 1301 2628 «Indepisci‚
1327 2568 1539 2629 assequi,
1570 2567 1777 2628 adipisci.
1803 2588 1822 2608 »
1843 2567 2037 2612 Fns'rns.

508 2644 570 2711 (v.
603 2643 869 2710 220.)⁷Vox
896 2645 1050 2690 rarior
1075 2645 1430 2689 circumcoesura
1445 2644 1615 2690 iterum
1639 2645 1844 2690 occurrit
1879 2660 1951 2702 xv,
1981 2643 2092 2705 649,
2119 2654 2164 2689 et

440 2731 641 2769 assumta
666 2731 734 2768 est
768 2723 826 2768 ab
853 2721 1094 2779 Arnobio,
1117 2737 1209 2778 111,
1240 2736 1287 2780 p.
1326 2736 1431 2779 107,
1459 2722 1543 2782 qui
1566 2723 1766 2766 multum
1802 2720 1913 2765 facit
1944 2720 2005 2765 ad
2035 2721 2162 2766 hunc

438 2802 598 2846 locum
627 2798 970 2859 explicandum.
1001 2799 1084 2844 Est
1119 2805 1275 2843 autem
1305 2807 1330 2852 ἡ
1360 2807 1579 2862 mptum-h,
1601 2808 1626 2853 ἡ
1653 2805 1835 2862 προτομὴ
1863 2799 2133 2843 Graecorum
2149 2832 2162 2854 ‚

439 2876 470 2922 i.
502 2893 543 2922 e.
577 2892 783 2922 summus
809 2884 994 2933 cortex,
1025 2882 1231 2919 extrema
1261 2874 1551 2935 superficies,
1582 2880 1725 2936 quam
1754 2874 1848 2920 Cic.
1865 2909 1878 2933 ,
1921 2874 2078 2930 Tusa,
2115 2890 2164 2933 1,

443 2968 535 3013 20,
566 2954 1030 3013 οἱνειιιηεενψτιοηεηε
1055 2950 1184 2998 dicit.
1537 2980 1540 2982 -

507 3030 691 3075 Bacchi
715 3030 816 3091 flos
857 3029 918 3093 (v.
952 3027 1082 3094 222).
1120 3028 1194 3075 Sic
1230 3028 1408 3074 Ennius
1444 3029 1493 3074 in
1517 3031 1689 3075 Alcest.
1734 3027 1800 3094 (p.
1847 3030 1973 3089 288,
2007 3026 2162 3093 Hess.)

445 3111 557 3153 Flos
600 3108 782 3163 Liberi,
826 3107 911 3152 ubi
951 3107 1046 3152 vid.
1084 3107 1343 3166 Gonnum,
1373 3107 1522 3153 nostri
1560 3107 1655 3153 loci
1684 3123 1784 3152 non
1817 3089 2084 3164 immemor,
2117 3115 2164 3151 et

442 3184 638 3229 laudans
674 3193 843 3244 praeter
872 3183 987 3230 alios
1023 3186 1200 3229 Pmurr.
1220 3218 1232 3241 ,
1271 3183 1375 3228 Cas,
1386 3217 1402 3239 ‚
1438 3200 1529 3243 111,
1558 3182 1611 3243 5,
1651 3184 1735 3242 163
1770 3184 1905 3239 Cist„
1937 3199 1955 3227 1
1977 3217 1991 3241 ‚
2023 3198 2075 3240 2,
2105 3182 2162 3239 83

397 3260 598 3325 'Curc.,
633 3278 686 3319 1,
721 3277 778 3319 2,
809 3277 846 3305 1.
