2340 3926
308 281 483 334 (v.650.)
719 288 799 330 DE
824 284 1054 338 „RERUM
1089 284 1337 328 NATURA
1372 285 1482 329 LIB.
1521 287 1552 327 1.
1923 282 1980 326 23

292 390 591 460 Naturam,
624 408 788 463 quam
815 377 1157 442 totus'habet
1186 407 1349 463 super
1377 386 1517 463 ignis
1534 430 1550 459 ,
1580 386 1853 442 haberent.

288 489 480 542 Acrior
506 486 668 542 ardor
695 486 840 540 enim
870 485 1151 541 conductis
1180 485 1427 562 partibus
1457 497 1618 556 esset,

210 638 216 643 .
285 576 616 663 Languidior
642 605 808 662 porro
838 585 1072 661 disjectis
1102 585 1293 661 disque
1323 586 1525 661 sipatis.

282 683 527 761 Amplius
554 685 658 756 hoc
685 684 803 740 fieri
831 684 968 740 nihil
997 697 1079 740 est
1108 684 1257 760 quod
1286 705 1442 761 posse
1470 684 1638 739 rearis
1655 723 1670 753 ‚

281 781 497 838 Talibus
523 784 580 838 in
608 785 808 852 causis;
840 784 1043 839 nedum
1070 784 1335 838 variantia
1362 803 1548 838 rerum

280 884 453 937 Tanta
482 894 646 958 queat
672 882 853 941 densis
881 884 1128 958 rarisque
1156 903 1222 937 ex
1250 882 1465 958 ignibus
1497 884 1625 935 eSse.

354 983 533 1057 Atque
559 981 617 1037 hi
648 983 692 1038 si
720 982 920 1038 faciant
949 982 1242 1037 admistum
1271 981 1435 1036 rebus
1464 981 1648 1050 inane,

272 1077 503 1136 Delisari
533 1093 832 1158 potuerunt
863 1083 1040 1157 ignes,
1071 1082 1289 1157 rarique
1320 1079 1552 1156 relinqui
1584 1100 1597 1133 ε

271 1178 405 1249 Sed,
431 1181 563 1255 quia
589 1179 762 1236 multa
791 1181 891 1236 sibi
920 1193 1153 1236 cernunt
1181 1180 1475 1250 contraria,
1505 1190 1775 1248 mussant,

269 1278 340 1332 Et
360 1276 607 1354 fugitant
634 1280 691 1333 in
719 1279 881 1334 rebus
912 1279 1074 1333 inane
1102 1276 1412 1353 relinquere
1442 1297 1671 1352 purum,
1702 1289 1755 1331 et

268 1374 455 1431 Ardua
482 1377 612 1432 dum
642 1390 893 1432 metuunt
911 1419 926 1448 ,
956 1378 1213 1432 amittunt
1241 1396 1370 1431 vera
1396 1377 1503 1430 viai
1534 1397 1546 1431 :

267 1476 383 1532 Nec
411 1495 629 1530 rursum
658 1489 917 1545 cernunt,
946 1487 1200 1551 exempto
1229 1475 1389 1530 rebus
1418 1475 1592 1545 inani,

265 1575 466 1628 Omnia
495 1573 741 1642 densari,
774 1575 998 1650 fierique
1027 1595 1089 1629 ex
1119 1573 1378 1631 omnibus,
1402 1592 1575 1627 unum

262 1673 475 1748 Corpus
493 1715 507 1744 ,
536 1671 613 1727 nil
643 1671 709 1727 ab
740 1694 795 1728 se
826 1672 974 1749 quod
1004 1673 1175 1749 possit
1203 1672 1416 1726 mittere
1446 1671 1674 1747 raptim,

260 1771 477 1826 AEstifer
505 1772 643 1848 ignis
673 1774 754 1827 uti
785 1771 969 1828 lumen
993 1773 1156 1848 jacit,
1186 1784 1349 1847 atque
1379 1791 1635 1847 vaporem
1669 1792 1679 1825 ι

255 1872 333 1926 Ut
359 1869 542 1926 videas
573 1891 684 1926 non
711 1892 741 1927 e
772 1873 981 1948 stipatis
1012 1872 1257 1948 partibus
1287 1877 1416 1926 eSse.

333 1970 501 2042 Quod
530 1972 574 2027 si
603 1972 743 2028 forte
771 1971 884 2028 ulla
914 1973 1143 2028 credunt
1174 1973 1387 2028 ratione
1416 1984 1628 2049 potesse
1742 1982 1747 1985 ⁴

253 2071 411 2144 Ignes
438 2071 492 2126 in
526 2083 664 2127 coetu
700 2074 936 2148 stingui,
967 2086 1291 2149 mutareque
1322 2092 1547 2148 corPUS,
1659 2059 1661 2061 Ι

254 2167 468 2224 Scilicet
495 2190 561 2224 ex
590 2169 703 2225 ulla
732 2172 908 2227 facere
938 2172 995 2227 id
1023 2174 1068 2228 si
1097 2185 1250 2248 parte
1280 2184 1569 2248 reparcent
1589 2214 1603 2241 ,

252 2267 478 2323 Occidet
508 2268 578 2323 ad
606 2267 839 2324 nihilum
869 2271 1131 2326 nimirum
1161 2270 1407 2325 funditus
1437 2268 1602 2324 ardor

249 2368 469 2437 OmniS,
501 2379 554 2423 et
583 2389 648 2424 ex
679 2369 851 2425 nihilo
880 2370 1010 2425 fient
1041 2390 1378 2445 quaecunque
1408 2351 1678 2423 creantur.

246 2471 390 2526 Nam
422 2468 790 2545 quodcunque
820 2470 929 2524 suis
960 2481 1234 2524 mutatum
1264 2469 1461 2523 finibus
1493 2469 1633 2538 exit,

245 2570 525 2632 Continuo
553 2570 659 2625 hoc
689 2590 836 2625 mors
866 2582 948 2624 est
977 2567 1147 2639 illius,
1178 2568 1326 2644 quod
1356 2569 1458 2624 fuit.
1488 2580 1614 2623 ante
1646 2589 1657 2621 :

242 2669 478 2724 Proinde
508 2668 715 2745 aliquid
747 2689 1004 2745 superare
1033 2666 1249 2725 necesse
1278 2681 1358 2724 est
1386 2666 1659 2722 incolume
1687 2665 1835 2738 ollis,

244 2768 327 2823 Ne
354 2768 573 2826 tibi'res‘
596 2769 824 2825 redeant
852 2769 921 2824 ad
953 2767 1128 2824 nilum
1157 2768 1402 2824 funditus
1433 2786 1622 2822 omnes
1642 2809 1656 2838 ,

242 2868 327 2922 De
356 2866 635 2944 nihiloque
663 2869 852 2924 renata
880 2871 1110 2925 virescat
1140 2870 1295 2945 copia
1325 2858 1525 2923 rerumss

321 2969 484 3024 Nunc
513 2969 703 3045 igitur,
735 2971 996 3046 quoniam
1027 2970 1330 3026 certissima
1359 2987 1589 3044 corpora
1618 2966 1864 3043 quaedam

215 3132 218 3135 ,
242 3069 407 3137 Sunt,
438 3087 556 3142 quae
585 3084 906 3126 conservant
936 3082 1189 3127 naturam
1221 3089 1434 3145 semper
1464 3066 1716 3137 eandem,

240 3170 496 3240 Quorum
526 3166 702 3240 aditu,
733 3183 829 3225 aut
856 3171 1006 3226 abitu
1025 3214 1038 3241 ,
1070 3180 1391 3244 mutatoque
1421 3168 1637 3238 ordine,
1667 3178 1883 3222 mutant

239 3276 507 3332 Naturam
538 3294 623 3329 res
642 3316 656 3344 ,
689 3286 743 3329 et·
772 3287 1100 3331 convertunt
1129 3294 1359 3352 corpora
1391 3292 1528 3343 sese-3
