2320 3866
194 313 247 364 (v.
266 313 378 363 503.)
614 307 696 351 DE
727 302 950 349 RERUM
982 301 1234 347 NATURA
1267 303 1378 347 LIB.
1418 303 1496 346 VI.
1806 317 1894 360 227

193 419 519 485 Humorem,
548 408 715 466 veluti
744 403 1038 484 pendentia
1063 403 1262 461 vellera
1289 403 1453 478 lanae,

194 517 383 587 Quum
414 531 604 589 supera
625 526 882 583 magnum
911 507 1058 561 venti
1085 526 1236 562 mare
1261 505 1449 562 nubila
1476 515 1720 581 portant.

135 618 141 623 ’
193 611 474 670 Consimili
505 611 711 666 ratione
741 626 808 660 ex
835 605 1090 662 omnibus
1119 607 1373 662 amnibus
1399 606 1603 671 humor
1746 682 1749 685 Ι

193 712 428 769 Tollitur
462 712 519 766 in
547 707 744 778 nubeS,
776 726 887 782 quo
914 726 1085 782 quum
1111 706 1250 761 bene
1278 706 1483 761 semina
1510 725 1780 781 aquarum

193 811 373 868 Multa
401 808 573 866 modis
598 804 782 862 multis
814 826 1119 861 convenere
1153 804 1396 880 undique
1422 803 1680 876 adaucta,

193 910 462 968 Confertae
491 907 662 963 nubes
686 907 741 963 vi
772 907 917 961 venti
939 905 1154 960 mittere
1178 915 1391 961 certant

190 1009 518 1087 Dupliciter3
547 1028 676 1062 nam
704 1007 786 1063 vis
813 1006 963 1062 venti
989 1003 1299 1075 contrudit,
1327 1015 1382 1059 et
1407 1004 1525 1081 ipsa

191 1109 359 1185 Copia
383 1107 724 1179 nimborum,
755 1107 918 1162 turba
944 1105 1153 1182 majore
1179 1117 1396 1176 coorta,

192 1209 363 1284 Urget
387 1219 441 1262 et
469 1227 500 1263 e
527 1227 725 1283 supero
757 1207 985 1284 premit,
1018 1226 1079 1261 ac
1110 1204 1241 1261 facit
1269 1204 1491 1261 effluere
1522 1203 1742 1260 imbres,

265 1308 559 1379 Praeterea,
588 1327 759 1383 quum
785 1319 1073 1365 rarescunt
1097 1327 1317 1383 quoque
1344 1304 1535 1362 nubila
1564 1305 1767 1376 ventiS,

187 1409 298 1463 Aut
320 1405 690 1463 dissolvuntur
717 1406 844 1463 solis
870 1427 1034 1484 super
1063 1407 1171 1462 icta
1201 1405 1408 1479 calore,

188 1506 419 1564 Mittunt
447 1506 733 1563 humorem
760 1506 1041 1584 pluvium,
1075 1505 1416 1582 sti'llantque,
1444 1507 1599 1583 quasi
1629 1506 1744 1583 igni

188 1607 328 1661 Cera
356 1628 521 1684 super
545 1607 725 1664 calido
751 1608 1031 1664 tabescens
1059 1604 1232 1661 multa
1264 1605 1547 1682 liquescat.

267 1705 373 1762 Sed
401 1707 691 1763 vehemens
718 1707 893 1762 imber
916 1705 979 1761 fit
996 1695 1137 1777 ,ubi
1170 1705 1522 1762 vehementer
1551 1716 1789 1782 utroque

186 1803 390 1862 Nubila
419 1807 471 1860 vi
501 1805 777 1861 cumulata
803 1817 1151 1882 premuntur,
1179 1817 1234 1860 et
1261 1806 1467 1882 impete
1495 1803 1646 1861 venti
1680 1827 1692 1861 z

184 1907 257 1961 At
281 1906 513 1960 retinere
538 1904 629 1960 diu
660 1904 859 1981 pluviae
890 1903 1230 1981 longumque
1255 1906 1462 1960 morari

136 2077 138 2079 ‚
185 2006 535 2061 Consuerunt
552 2047 567 2076 ,
596 2004 693 2060 ubi
716 2003 890 2060 multa
917 2004 1144 2060 fuerunt
1173 2005 1381 2059 semina
1406 2026 1713 2082 aquarum,

128 2091 130 2093 Ι
186 2107 367 2180 Atque
394 2103 514 2159 alii's
539 2103 657 2160 aliae
682 2105 854 2160 nubes
872 2147 887 2177 ,
917 2105 1202 2181 nimbique
1232 2105 1472 2182 rigantes

104 2185 107 2189 r
182 2205 430 2280 Insuper,
454 2215 619 2280 atque
646 2205 798 2259 omni
821 2201 985 2280 volgo
1015 2203 1081 2259 de
1115 2216 1271 2280 parte
1298 2204 1586 2276 feruntur3

184 2304 460 2378 Terraque
489 2323 660 2379 quum
688 2301 906 2358 fumans
934 2302 1228 2359 humorem
1261 2314 1374 2359 tota
1405 2302 1632 2359 rehalat.

263 2403 407 2458 Hinc
431 2402 527 2460 ubi
551 2402 633 2458 sol
656 2403 823 2459 radiis
854 2415 1231 2480 tempestatem
1256 2404 1399 2459 inter
1427 2424 1653 2480 opacam

186 2501 428 2559 Adversa
459 2501 611 2558 fulsit
635 2503 952 2559 nimborum
987 2485 1275 2581 aspergine
1303 2515 1496 2559 contra
1516 2547 1532 2576 ,

185 2604 325 2657 Tum
352 2601 504 2659 color
529 2603 587 2658 in
618 2605 789 2681 nigris
819 2605 1003 2660 existit
1030 2604 1278 2660 nubibus
1302 2605 1479 2680 arqui.

267 2702 502 2776 Caetera,
531 2722 651 2780 quae
682 2725 901 2760 sursum
927 2717 1182 2761 crescunt
1214 2702 1543 2780 sursumque
1574 2715 1831 2760 creantur

188 2803 257 2857 Et
284 2822 405 2877 quae
429 2817 788 2861 concrescunt
814 2806 871 2861 in
900 2806 1141 2862 nubibus
1171 2806 1383 2877 omnia,
1414 2826 1671 2882 prorsum

189 2901 416 2973 Omnia,
443 2903 561 2974 nix,
587 2907 765 2975 venti,
798 2906 1038 2983 grando,
1068 2905 1369 2983 gelidaeque
1396 2906 1634 2982 pruinae,

191 3002 261 3055 Et
287 3002 367 3054 vis
395 3022 592 3079 magna
621 3003 761 3080 geli,
791 3027 1055 3084 magnum
1084 3006 1352 3062 duramen
1380 3026 1676 3082 aquarum,

191 3102 261 3156 Et
280 3108 437 3154 'mora
466 3121 586 3176 quae
614 3101 808 3160 fluvios
833 3108 1034 3182 passim
1063 3107 1323 3162 refraenat
1347 3117 1566 3178 euntes,

194 3197 452 3255 Perfacile
480 3212 559 3255 est
586 3212 768 3257 tamen
793 3204 909 3261 haec
934 3207 1173 3284 reperire
1203 3206 1498 3282 animoque
1527 3204 1747 3275 videre,

195 3298 394 3354 Omnia
425 3320 535 3375 quo
563 3313 724 3378 pacto
755 3302 887 3359 fiant
918 3325 1156 3381 quareve
1183 3319 1456 3376 creentur,

1607 3403 1694 3459 15.
