2300 3926
367 269 428 313 60
947 276 999 318 T.
1034 276 1323 322 LUCRETII
1359 278 1499 323 CARI
1875 280 1926 330 (V·
1943 279 2055 330 620·)

364 375 435 429 Et
467 374 701 451 Phrygio
734 374 977 432 stimulat
1002 399 1232 435 numero
1258 400 1389 436 cava
1424 381 1557 436 tibia
1591 391 1835 451 menteS,

364 471 601 549 Telaque
634 485 989 550 praeportant,
1016 476 1241 533 violenti
1276 479 1427 554 signa
1462 479 1685 551 furoriS,

362 572 614 647 Ingratos
641 571 874 645 animOS,
910 586 1074 651 atque
1107 576 1283 651 impia
1308 587 1531 651 pectora
1556 576 1711 654 ‘volgi

364 669 692 727 Conterrere
725 685 877 728 metu
910 693 1030 748 quae
1064 674 1274 749 possint
1308 675 1532 729 numine
1563 677 1733 731 Divae.

441 772 590 847 Ergo
623 792 794 847 quum
828 773 1096 848 primum,
1132 793 1354 850 magnas
1387 774 1604 828 invecta
1637 793 1736 848 per
1769 774 1950 844 urbes,

366 869 652 925 Munificat
681 871 846 926 tacita
878 871 1134 926 mortales
1168 884 1320 948 muta
1353 870 1551 952 salute,

362 968 487 1021 AEre
515 979 677 1043 atque
710 982 937 1046 argento
970 982 1222 1027 sternunt
1256 973 1360 1025 iter
1391 991 1554 1025 omne
1586 971 1824 1042 viarum,

362 1065 630 1141 Largifica
661 1068 800 1143 stipe
834 1068 1098 1141 ditantes,
1133 1071 1475 1146 ninguntque
1509 1079 1756 1125 rosarum

362 1161 614 1218 Floribus
632 1207 647 1234 ,
676 1165 992 1221 umbrantes
1026 1180 1256 1222 matrem
1291 1169 1661 1243 comitumque
1690 1179 1947 1223 catervas.

442 1262 545 1316 Hic
579 1274 787 1317 armata
818 1283 1013 1318 manus
1047 1263 1318 1340 (Curetas
1343 1267 1566 1319 nomine
1595 1266 1751 1320 Graii

363 1359 519 1430 Quos
554 1373 860 1416 memorant
893 1361 1202 1438 Phrygios)
1234 1364 1377 1417 inter
1412 1383 1468 1416 se
1501 1362 1642 1416 forte
1669 1375 1887 1419 catenas

363 1457 617 1530 Ludunt,
654 1458 712 1514 in
739 1480 1141 1535 numerumque
1169 1459 1470 1536 exsultant,
1506 1461 1769 1537 sanguine
1800 1459 1938 1533 laeti3
1972 1475 2027 1517 et

364 1556 648 1612 Terrificas
683 1558 927 1634 capitum
957 1560 1264 1634 quatientes
1297 1559 1523 1639 numine
1556 1559 1774 1630 cristaS,

365 1655 600 1711 Dictaeos
635 1656 882 1712 referunt
921 1659 1153 1714 Curetas
1164 1701 1180 1726 ,
1220 1659 1319 1734 qui
1349 1659 1504 1738 Jovis,
1532 1656 1687 1712 illum

366 1755 627 1830 Vagitum
662 1756 719 1810 in
753 1757 916 1811 Creta
951 1756 1228 1832 quondam
1254 1755 1872 1814 occultasseferuntur:

368 1853 558 1924 Quum
588 1856 744 1929 pueri
778 1855 984 1910 circum
1020 1876 1253 1931 puerum
1288 1857 1507 1932 pernice
1543 1857 1767 1927 chorea,

365 1953 577 2007 Armati
610 1953 667 2006 in
701 1974 993 2009 numerum
1027 1953 1311 2030 pulsarent
1343 1956 1538 2011 aeribus
1570 1977 1700 2029 aera,

367 2052 453 2108 Ne
486 2053 751 2108 Saturnus
780 2073 905 2107 eum
937 2053 1093 2121 malis
1120 2054 1403 2111 mandaret
1435 2055 1689 2131 adeptus,

298 2132 302 2135 .
367 2150 759 2224 AEternumque
798 2150 952 2205 daret
985 2153 1148 2206 matri
1176 2154 1276 2207 sub
1310 2166 1533 2229 pectore
1562 2153 1775 2209 volnus,

367 2242 662 2322 Propterea
692 2269 948 2325 magnam
983 2251 1180 2305 armati
1213 2263 1446 2307 matrem
1477 2252 1833 2323 comitantur,

360 2347 486 2409 Aut
517 2347 646 2421 quia
681 2347 988 2423 significant
1021 2351 1221 2404 Divam
1257 2350 1576 2425 praedicere,
1611 2362 1672 2405 ut
1707 2353 1870 2406 armis

367 2446 450 2500 Ac
482 2445 685 2499 virtute
720 2444 891 2500 velint
923 2447 1157 2522 patriam
1193 2447 1482 2504 defendere
1513 2462 1746 2522 terram,

367 2542 732 2620 Praesidioque
766 2557 961 2620 parent
995 2544 1287 2622 decorique
1323 2547 1639 2623 parentibus
1677 2570 1806 2605 esse.

449 2645 586 2716 Quae
619 2644 757 2699 bene
790 2656 844 2700 et
877 2645 1072 2700 eximie
1106 2647 1354 2721 quamvis
1384 2646 1624 2723 disposta
1661 2648 1928 2720 ferantur,

372 2746 561 2821 Longe
594 2757 730 2802 suntv
758 2757 942 2800 tamen
977 2765 1008 2800 a
1033 2765 1159 2801 vera
1185 2747 1399 2802 ratione
1433 2746 1678 2824 repulsa;

372 2845 564 2899 Omnis
601 2846 745 2900 enim
780 2866 876 2922 per
912 2866 967 2901 se
999 2844 1217 2902 Divum
1238 2858 1436 2901 natura
1471 2855 1689 2902 necesse
1725 2861 1805 2902 est

370 2943 674 2999 Immortali
706 2966 819 3001 aevo
854 2966 1065 3001 summa
1088 2967 1239 3003 cum·
1263 2967 1396 3022 pace
1429 2946 1671 3019 fruatur,

371 3047 592 3099 Sernota
621 3064 652 3098 a
684 3047 884 3101 nostris
919 3046 1081 3102 rebus
1116 3047 1468 3123 sejunctaque
1496 3045 1675 3123 longe.

371 3144 515 3199 Nam
550 3143 762 3219 privata
795 3143 983 3201 dolore
1019 3146 1193 3219 omni,
1229 3147 1445 3223 privata
1481 3146 1726 3222 pericliS,

372 3242 494 3315 Ipsa
527 3243 637 3298 suis
673 3241 887 3319 pollens
920 3246 1141 3323 opibus,
1177 3244 1314 3301 nihil
1343 3244 1528 3322 indiga
1561 3245 1763 3315 nostri,
