2320 3866
875 282 942 326 IN
970 281 1351 328 LuanTmM.
1877 288 1970 349 309

330 381 462 426 Inter
472 393 757 442 quoecunque
768 385 1012 438 prematur
1031 373 1093 439 (v.
1112 373 1240 440 830).
1258 377 1458 424 Tmesis:
1478 376 1833 439 interpretantur
1844 398 1972 443 quoe-

267 471 458 517 cunque.

330 529 392 596 (v.
417 529 546 595 834.)
571 534 644 577 De
664 527 903 576 infinitivis
925 528 1084 584 videre
1105 538 1152 575 et
1176 545 1310 575 orare
1333 530 1390 576 cf.
1420 545 1525 591 quae
1551 546 1692 592 supra
1717 530 1779 576 ad
1803 547 1848 577 v.
1879 532 1972 595 769

266 616 313 653 et
334 607 446 654 alibi
468 615 690 653 annotata
710 612 830 651 sunt.

258 699 260 708 ¹
328 681 390 748 (v.
415 681 545 748 841.)
579 681 758 730 Wakef.
786 680 1044 741 suspicatur
1079 680 1350 735 Lucretium
1377 682 1610 743 scripsisse
1633 683 1838 743 conferre
1867 699 1975 728 ma-

263 776 374 805 num
394 760 646 806 certamine
657 772 840 819 pugnoe
850 792 866 814 ,
894 758 1005 819 quia
1031 757 1241 817 conferre
1269 760 1411 802 manu
1434 775 1666 820 nusquam
1697 762 1808 806 alias
1837 760 1975 806 inve-

263 836 422 882 niatur
435 854 450 895 ;
474 844 598 882 recte
629 842 783 877 tamen
805 843 969 879 contra
992 834 1140 878 libros
1168 833 1285 877 nihil
1306 835 1578 880 novandum
1601 846 1769 882 censet.

330 912 501 958 Mollia
521 918 672 955 strata
695 906 756 972 (v.
783 910 874 967 847
887 908 918 973 ).
945 909 1126 955 Eodem
1154 909 1301 954 modo
1323 910 1579 970 productio
1603 921 1708 957 ante
1737 921 1831 957 tres
1857 928 1975 957 con-

265 1004 400 1034 sonas
429 997 497 1032 str-
517 985 784 1048 negligitur,
807 1002 887 1044 vl,
931 986 1020 1047 195
1037 1021 1050 1044 ,
1070 986 1368 1047 pendentibu’
1409 997 1636 1044 structas,
1677 988 1980 1050 similiterque

263 1064 392 1125 apud
410 1064 574 1109 Horat.
591 1099 606 1122 ‚
633 1064 752 1119 Sat„
785 1080 827 1122 1,
862 1064 888 1112 5
905 1098 918 1122 ‚
950 1061 1036 1122 35,
1044 1065 1257 1124 proemia
1285 1064 1448 1110 scriboe
1459 1098 1476 1121 ‚
1497 1075 1577 1111 ete.
1607 1065 1676 1111 Cf.
1701 1068 1947 1112 Pmscnu.
1967 1101 1980 1125 ‚

264 1155 335 1199 11,
358 1154 413 1199 2,
435 1144 460 1198 §
492 1141 564 1187 13.
979 1153 983 1156 ·

285 1271 287 1273 r
333 1216 528 1278 Vitaque
551 1214 613 1281 (v.
639 1215 768 1282 850).
787 1219 891 1263 «Ita
904 1219 996 1263 hoc
1018 1220 1125 1264 loco
1143 1228 1341 1279 usurpat
1354 1220 1526 1278 vitam,
1549 1221 1603 1264 u¹t
1624 1218 1774 1264 Graeci
1789 1227 1855 1268 τὸν
1873 1226 1955 1278 βίον
1971 1259 1982 1277 ,

259 1302 497 1356 nonem-152,
514 1310 604 1355 pro
620 1296 908 1357 experientia
920 1296 1159 1354 videlicet,
1181 1306 1227 1341 et
1253 1303 1395 1362 πράξει
1417 1310 1494 1347 τῶν
1521 1306 1558 1346 e'v
1584 1309 1641 1360 τῷ
1668 1303 1755 1359 βίῳ.
1772 1297 1979 1341 )>ἙΑΒΕΒ.

327 1383 593 1428 Interdatus
614 1380 676 1447 (v.
705 1381 833 1447 866).
858 1385 896 1429 Ι.
925 1399 964 1429 e.
995 1399 1082 1444 per
1104 1385 1314 1429 membra
1337 1384 1627 1435 distributus.

328 1460 392 1504 At
398 1492 416 1514 ,
432 1460 560 1520 quod
566 1462 799 1521 providet,
819 1469 905 1506 etc.
920 1458 981 1524 (v.
998 1458 1124 1524 883).
1151 1480 1171 1502 «
1184 1463 1247 1506 At
1258 1460 1309 1505 id
1321 1461 1455 1522 quod
1465 1477 1595 1506 mens
1608 1459 1849 1521 praevidet,
1861 1460 1984 1506 illius

262 1534 354 1594 rei,
385 1551 527 1597 quam
554 1536 660 1597 quis
686 1537 838 1582 facere
860 1537 1082 1595 instituit,
1105 1546 1174 1582 est
1207 1537 1376 1599 Mago.
1396 1557 1416 1578 »
1443 1536 1518 1583 Sic
1539 1536 1807 1582 Lambinus.
1833 1537 1983 1582 Aiiam

262 1620 418 1657 autem
435 1613 733 1672 sententiam,
750 1623 796 1659 et
813 1629 954 1675 quam
965 1614 1204 1659 veriorem
1222 1612 1457 1671 existimo,
1471 1621 1656 1658 secutus
1671 1621 1739 1658 est
1763 1614 1951 1658 Creech.
1973 1629 1984 1657 ε

263 1706 286 1731 ι
303 1689 455 1735 Nemo
479 1689 649 1751 incipit
667 1691 820 1736 facere
842 1692 984 1735 ullam
1007 1706 1131 1749 rem,
1155 1698 1409 1750 antequam
1436 1689 1616 1735 animus
1634 1689 1846 1749 providit
1869 1689 1987 1750 quid

205 1791 208 1793 ·
261 1763 404 1826 velit3
433 1774 483 1814 at
501 1781 688 1814 necesse
712 1775 782 1813 est
802 1775 857 1812 ut
879 1766 938 1812 sit
960 1766 1115 1829 imago
1144 1765 1268 1812 illius
1290 1765 1361 1811 rei
1387 1781 1529 1827 quam
1550 1765 1786 1827 providet.
1803 1785 1828 1806 2)

258 1858 261 1860 ·
328 1843 481 1904 Inque
498 1844 639 1906 gredi
655 1840 718 1908 (v.
748 1840 883 1908 885).
908 1842 1017 1889 Vid.
1051 1842 1113 1887 ad
1141 1858 1181 1900 1,
1212 1842 1322 1889 652.

327 1921 564 1968 Proeterea
587 1929 684 1966 tum
709 1921 906 1966 rarescit
925 1916 988 1984 (v.
1014 1916 1143 1983 890).
1170 1918 1293 1965 Vide
1321 1934 1463 1979 supra
1486 1917 1594 1964 860.

333 1999 462 2046 Velis
486 2007 716 2058 ventoque
738 1993 802 2061 (v.
824 1994 962 2060 895).
982 1995 1164 2043 Wakef.
1192 2011 1279 2056 per
1310 2005 1347 2045 ἓν
1378 1995 1450 2046 διὰ
1484 1999 1593 2045 δυοῖν
1619 2010 1708 2056 pro
1733 1993 1849 2039 velis
1868 2009 1985 2039 ven-

263 2076 400 2136 tosis,
419 2077 497 2123 vel
518 2084 662 2122 vento
681 2073 874 2133 inflatis,
895 2075 998 2119 vult
1013 2082 1276 2134 acceptum,
1302 2082 1348 2119 et
1362 2082 1518 2119 tamen
1533 2073 1850 2132 conjecturam
1865 2087 1986 2132 pro-

262 2152 401 2214 ponit
420 2153 556 2198 undc's
575 2162 825 2212 ventoque,
842 2143 942 2196 non
965 2149 1119 2195 minus
1141 2148 1424 2210 superfluam
1444 2165 1586 2210 quam
1608 2147 1834 2194 Gassendi
1849 2148 1988 2192 remis

264 2239 504 2290 ventoque,
1498 2258 1500 2260 -

336 2307 585 2367 Tympana
611 2302 673 2369 (v.
712 2302 843 2366 903).
882 2305 1002 2350 Sunt
1025 2313 1142 2350 rotae
1158 2338 1171 2362 ,
1199 2318 1299 2348 non
1328 2302 1471 2348 radiis
1487 2336 1501 2361 ‚
1527 2302 1608 2347 sed
1634 2301 1795 2347 solidis
1819 2299 1987 2346 tabulis

265 2383 410 2428 factae.
442 2382 511 2428 Cf.
536 2385 738 2428 Vmou„
757 2417 770 2439 ,
800 2382 986 2442 Georg„
1017 2397 1086 2439 11,
1112 2386 1221 2434 444.
1475 2435 1479 2440 Ι

333 2459 516 2520 Inriget
541 2455 611 2522 (v.
645 2455 781 2522 906).
812 2458 1032 2504 Similiter
1063 2457 1196 2518 Virg.
1214 2491 1228 2515 ‚
1252 2454 1461 2510 AEneid.,
1498 2471 1537 2513 1,
1570 2455 1659 2515 691
1690 2471 1702 2499 ε

439 2605 629 2618 .....
660 2574 862 2617 Placidam
880 2588 952 2630 per
970 2574 1149 2616 membra
1163 2573 1337 2628 quietem

438 2644 592 2699 Irrigat.

333 2754 519 2798 ¹Tenues
555 2750 618 2816 (v.
645 2751 774 2817 910).
810 2772 830 2794 «
846 2752 940 2799 Alii
969 2763 1149 2799 teneras
1180 2751 1550 2811 interpretantur
1566 2784 1579 2807 ,
1603 2764 1691 2811 ego
1721 2764 1836 2794 vero
1871 2765 1987 2795 acu-

271 2841 358 2876 tas.
386 2848 406 2869 w
436 2830 650 2876 Gazaca.

335 2906 564 2966 Retroque
588 2922 726 2963 vera,
755 2916 842 2953 etc.
872 2903 1020 2970 (911).
1040 2907 1236 2951 Sensum
1257 2904 1372 2961 loci,
1387 2918 1446 2948 ne
1474 2910 1707 2948 structura
1731 2903 1988 2949 verborum

269 2980 541 3043 impeditior
572 2982 803 3041 videatur,
826 2983 1008 3031 Wakef.
1044 2982 1109 3028 sic
1136 2980 1331 3043 exponit
1360 2995 1370 3024 :
1394 2999 1419 3021 α
1435 2981 1494 3025 Et
1526 2988 1569 3024 te
1596 2995 1807 3041 segreges
1833 2995 1859 3024 a
1892 2995 1988 3038 me,

267 3067 530 3105 retrorsum
544 3058 734 3117 cedens,
757 3075 861 3105 cum
875 3069 1068 3121 pectore
1090 3059 1335 3105 veritatem
1359 3072 1575 3102 meorum
1597 3055 1831 3101 dictorum
1850 3071 1989 3102 aver-

273 3145 387 3182 sato.
408 3155 429 3176 n

347 3214 574 3269 Tutemet,
600 3220 686 3258 etc.
699 3209 762 3277 (v.
777 3210 912 3277 913).
935 3216 1094 3274 Quum
1116 3222 1199 3259 tua
1222 3220 1402 3258 tantum
1415 3211 1553 3270 culpa
1570 3209 1628 3255 sit
1645 3209 1778 3270 quod
1793 3208 1880 3255 ista
1890 3224 1989 3255 nou

273 3288 500 3352 intelligas
530 3297 576 3335 et
603 3288 774 3335 habeas
802 3297 1060 3351 perspecta.
