2320 3866
362 214 455 268 304
969 208 1452 256 ADNOTATIONES

431 308 660 354 Saxorum
673 315 840 351 structa
860 302 923 368 (V.
942 303 1076 369 362).
1092 307 1159 352 Ut
1180 315 1328 350 strata
1350 307 1532 351 viarum
1557 313 1602 350 et
1624 308 1788 351 clausa
1809 309 2066 355 domorum.

370 388 595 438 Tomata‚
620 383 650 428 i.
675 398 713 428 e.
739 382 933 427 rotunda
954 398 971 425 .·
986 389 1173 426 tornare
1191 381 1315 427 enim
1327 383 1452 428 valet
1473 383 1717 427 rotundum
1739 382 1933 442 qffi’cete.
1958 386 2039 433 Cic
2058 422 2071 444 ,

366 463 564 507 Univers.
579 493 594 514 ,
621 460 648 504 6
665 493 679 516 ,
700 466 810 518 post
833 456 933 502 init.
959 473 971 502 :
998 457 1190 518 «quue
1217 457 1284 503 ita
1305 458 1511 504 tornavit
1526 494 1540 517 ,
1564 466 1619 503 ut
1639 457 1756 503 nihil
1779 458 1902 506 effici
1922 461 2072 520 possit

361 536 622 583 rotundius.
642 555 661 574 n

435 614 586 671 Quasi
611 612 658 655 in
686 610 836 672 ignem
869 612 984 655 lana
1012 609 1228 654 trahatur
1247 607 1308 674 (v.
1337 608 1463 675 377).
1493 632 1513 653 «
1531 610 1839 657 Proverbium
1869 619 2071 674 graecum

360 705 459 750 quo
482 705 592 733 usus
625 698 692 733 est
718 689 849 734 Plato
878 703 890 731 :
918 695 1067 737 Ξαίνειν
1095 694 1146 743 εἰς
1169 698 1267 751 πῦρ,
1299 687 1359 732 de
1380 703 1431 732 re
1456 688 1632 746 inutili,
1656 697 1834 753 ἀνηνύτῳ
1850 728 1860 747 ,
1895 698 1941 734 et
1968 704 2074 750 quae

359 766 539 811 absolvi
562 780 662 811 non
680 765 842 826 possit.
872 784 890 805 »
913 766 1089 810 Fumi.
1353 778 1369 800 ⁴

425 842 665 904 Affingeoe
694 841 755 904 (v.
798 838 916 904 387)
951 843 1074 886 valet
1086 841 1224 899 falso
1256 842 1501 887 attribuere
1514 875 1530 898 ‚
1558 841 1791 903 injungere
1804 875 1820 897 ‚
1854 851 1908 887 ut
1945 841 2074 902 apud

360 920 479 977 Cic„
513 920 610 977 Or„
639 934 723 976 22,
746 920 933 972 Mania,
962 928 1013 976 4,
1039 927 1084 964 et
1113 918 1291 978 saepius.

427 993 489 1059 (v.
518 992 653 1058 396).
685 1015 704 1035 «
723 997 795 1039 De
815 994 903 1039 hac
924 1009 976 1039 re
999 996 1211 1039 consulas
1233 996 1299 1038 M.
1324 995 1472 1051 Tull.,
1493 996 1644 1039 Acad.
1660 1027 1675 1049 ,
1703 1011 1767 1053 11,
1796 994 1880 1052 26,
1912 1004 1959 1040 et
1981 995 2075 1041 do-

359 1071 609 1116 ctissimum
629 1069 869 1113 Davisium
883 1102 897 1125 ‚
922 1069 1130 1113 Lucretii
1152 1085 1252 1114 non
1272 1069 1603 1114 immemorem.
1625 1089 1645 1110 »
1668 1072 1867 1117 wazu.

423 1144 486 1210 (v.
513 1142 642 1208 406.)
660 1145 1020 1190 Observandum
1035 1153 1104 1189 est
1125 1144 1396 1191 Lucretium
1416 1160 1583 1210 vocem
1589 1146 1737 1204 jubar
1752 1146 1828 1191 hic
1844 1156 1946 1205 etv,
1962 1146 2077 1208 696,

356 1230 527 1267 neutro
544 1237 714 1284 genere
737 1237 980 1282 usurpare,
1006 1229 1062 1266 ut
1082 1221 1280 1267 seriores
1303 1237 1486 1279 omnes,
1500 1237 1602 1266 non
1621 1221 1903 1281 masculino,
1918 1239 2079 1283 quem-

358 1298 613 1344 admodum
634 1298 812 1344 Ennius
827 1332 841 1356 ,
862 1313 910 1359 p.
951 1314 1039 1359 119
1055 1332 1070 1356 ,
1094 1300 1270 1344 Hessel.
1298 1298 1366 1344 Cf.
1390 1300 1632 1344 Pluscnn.
1649 1332 1663 1356 ,
1693 1313 1739 1356 v,
1763 1297 1816 1355 8,
1839 1302 1876 1355 S.
1904 1304 1979 1351 44.

429 1376 586 1420 Veruti
613 1373 673 1438 (v.
699 1373 828 1438 411).
860 1377 1095 1421 Verutum
1118 1384 1187 1420 est
1215 1377 1362 1422 telum
1382 1376 1540 1421 breve·
1558 1384 1605 1420 et
1626 1383 1830 1420 acutum.
1855 1395 1875 1416 «
1912 1375 1959 1417 V
1951 1384 2080 1419 eruta

357 1452 454 1513 pila
489 1452 711 1511 dicuntur
726 1487 739 1510 ,
777 1452 911 1512 quod
940 1451 1087 1497 veluti
1121 1468 1267 1497 verua
1301 1452 1476 1498 habent
1507 1450 1711 1512 praefixa.
1733 1471 1752 1492 υ
1790 1452 1978 1496 Εεετυε.
2008 1451 2079 1497 Cf.

358 1530 570 1574 Sumust.
595 1545 669 1590 ap.
694 1530 844 1587 Non.,
868 1544 992 1574 xvu1
1007 1562 1021 1586 ,
1058 1529 1113 1572 16
1127 1564 1141 1587 ‚
1169 1537 1215 1573 et
1237 1531 1420 1574 Vnam.
1437 1563 1452 1587 ‚
1473 1529 1534 1573 de
1555 1529 1611 1573 R.
1643 1529 1712 1573 M.
1725 1561 1742 1583 ‚
1770 1542 1810 1572 11
1827 1562 1840 1586 ‚
1877 1529 1948 1575 15.

425 1608 636 1651 Retz’nent
648 1603 710 1670 (v.
743 1604 869 1668 414).
903 1605 992 1651 Hic
1017 1621 1108 1665 pro
1145 1604 1344 1665 simplici
1367 1613 1522 1650 tenent
1555 1604 1887 1665 accipiendum*
1914 1614 2000 1650 est.

429 1683 661 1742 Stansque
688 1684 736 1726 in
767 1691 1040 1742 perpetuum
1063 1678 1125 1743 (v.
1152 1678 1286 1743 429).
1324 1682 1382 1726 In
1417 1682 1613 1743 longum
1642 1688 1844 1726 extensa.
1888 1680 2074 1727 Servius

360 1759 421 1805 ad
452 1759 665 1812 AEneid.,
693 1774 795 1815 vn,
827 1758 914 1814 176
942 1773 953 1800 ε

534 1883 736 1938 Perpetuis
758 1883 861 1924 soliti
879 1890 1011 1937 patres
1030 1881 1236 1923 considere
1257 1882 1415 1922 mensis.

360 2035 380 2055 «
399 2011 643 2072 Perpetuis
670 2011 861 2068 mensis,
882 2011 1035 2072 longis
1050 2045 1063 2068 ‚
1086 2011 1149 2056 ad
1172 2008 1388 2056 ordinem
1415 2011 1680 2073 exaequatis.
1702 2031 1721 2052 »

432 2090 476 2134 T
471 2087 597 2133 rahit
606 2088 797 2148 angusti
799 2086 1008 2148 fastigia
1023 2089 1131 2132 coni
1150 2085 1212 2151 (v.
1241 2088 1299 2140 43
1312 2086 1368 2150 ι).
1392 2090 1431 2133 Ι.
1455 2104 1494 2133 e.
1512 2089 1561 2133 in
1578 2104 1752 2133 conum
1777 2086 2079 2132 contrahitur.

422 2166 585 2210 Donec
617 2165 664 2208 in
689 2164 926 2209 obscurum
962 2160 1024 2227 (v.
1064 2161 1198 2227 433).
1231 2165 1353 2209 Nam
1386 2180 1536 2225 quum
1566 2173 1740 2211 tectum
1775 2163 2080 2219 descendere,

357 2241 676 2302 pavimentum
700 2255 891 2302 surgere
906 2275 919 2298 ,
944 2248 991 2285 et
1011 2239 1213 2300 parietes
1229 2255 1510 2287 concurrere
1530 2241 1795 2299 videantur,
1818 2241 1868 2285 in
1890 2249 2080 2285 acutum

360 2333 533 2364 conum
559 2327 839 2379 prospectus
861 2316 1043 2362 desinat
1063 2333 1250 2363 necesse
1275 2326 1358 2363 est.

424 2392 487 2459 (v.
514 2393 643 2459 439.)
666 2397 738 2440 De
759 2410 877 2439 voce
900 2397 1116 2455 aplustra
1146 2395 1324 2440 dictum
1347 2404 1417 2442 est
1438 2396 1501 2442 ad
1526 2411 1594 2453 11,
1618 2394 1726 2441 555.

430 2472 648 2518 Guberna
685 2468 747 2535 (v.
775 2468 902 2534 441).
941 2471 1075 2516 Idem
1106 2472 1240 2531 quod
1263 2474 1596 2534 gubernacula.
1632 2471 1884 2518 Lambinus
1921 2469 2082 2514 laudat

359 2548 592 2606 Nonium,
614 2563 707 2593 vn1
720 2582 734 2605 ,
759 2545 820 2608 59
835 2580 849 2604 ‚
871 2547 997 2592 hunc
1018 2547 1186 2592 Lucilii
1210 2563 1396 2593 versum
1418 2549 1691 2594 afferentem
1713 2565 1724 2592 :

537 2668 676 2704 Proras
691 2662 905 2717 despoliato,
923 2670 962 2703 et
980 2662 1191 2703 detondete
1213 2661 1407 2715 gubernas
1419 2692 1430 2710 ‚

363 2785 409 2820 et
437 2774 607 2820 veteris
634 2772 867 2820 Glossaric'
881 2777 1141 2835 groeco-lat.
1173 2781 1435 2830 auctorem,
1459 2793 1478 2813 «
1494 2774 1772 2834 gubernum,
1798 2776 2022 2835 κυὲίρνιον,
2037 2791 2059 2812 ³›

363 2852 656 2897 scribentem.

431 2930 677 2975 Geminare
699 2927 761 2994 (v.
788 2928 932 2994 453),
954 2947 1085 2976 more
1106 2930 1327 2986 Lucretii,
1350 2930 1562 2975 absolute
1583 2929 1789 2990 positum
1803 2937 1894 2986 est,
1908 2943 2077 2989 quem-

364 3006 621 3051 admodum
647 3007 777 3067 apud
798 3007 928 3069 Virg.
946 3042 959 3065 ‚
985 3008 1177 3068 Georg„
1203 3024 1248 3066 1,
1273 3005 1365 3052 333
1384 3042 1398 3064 ,
1427 3008 1712 3068 ingeminare
1737 3024 1747 3050 :

542 3144 690 3154 .....
714 3113 963 3167 Ingeminant
985 3114 1126 3164 austri,
1147 3122 1184 3154 et
1205 3113 1453 3154 densissimus
1473 3113 1614 3154 imber.

433 3213 618 3257 Mutare
650 3210 713 3276 (v.
743 3211 869 3277 461).
904 3217 941 3259 I.
980 3231 1017 3260 e.
1055 3231 1141 3276 per
1174 3214 1337 3260 seriem
1366 3228 1638 3277 peragrare,
1677 3211 1738 3257 ad
1773 3209 2077 3256 imitationem
