2320 3866
851 297 919 341 IN
950 295 1330 341 LUCRETIUM.
1855 298 1944 354 267

306 395 559 443 conciliatu
583 391 648 457 (v.
673 388 813 454 576).
829 389 1012 435 Eodem
1039 405 1179 437 sensu
1207 407 1305 452 quo
1332 406 1474 454 supra
1496 391 1660 452 saepius
1675 389 1949 447 concilium';

238 473 347 518 vide
377 472 438 517 ad
469 487 512 515 v.
540 469 645 527 183,
669 483 736 527 sq.

303 547 596 608 Perfoedem
631 541 858 590 Nummi..
847 575 874 587 ..
904 543 1132 589 sancitum
1164 542 1228 607 (v.
1262 544 1384 602 580,
1406 507 1537 608 581).
1561 543 1714 593 Verba
1731 557 1828 603 per
1839 542 1948 600 foe-

236 626 351 670 der-a
372 622 577 670 Natat-ai
586 635 692 666 cum
711 618 968 675 sancitum,
985 635 1086 666 non
1100 635 1207 665 cum
1221 630 1394 681 queant
1406 628 1455 665 et
1474 629 1723 681 nequeant,
1749 617 1951 677 conjun-

236 699 391 766 gemla
414 706 535 744 sunt.

308 776 467 821 Varioe
480 775 692 820 volucres
705 767 771 834 (v.
791 740 931 835 583).
948 773 1063 818 Non
1084 780 1194 818 sunt
1207 771 1336 816 varia
1352 787 1523 834 genera
1539 771 1693 816 avium
1707 780 1786 829 ,ut
1807 771 1952 832 vulgo

236 853 332 898 haec
350 851 495 897 verba
511 846 862 909 intelliguntur,
892 848 976 893 sed
1000 863 1106 893 aves
1129 847 1292 907 pictae,
1308 847 1447 902 variis
1463 847 1702 910 coloribus
1723 855 1910 892 ornatae.

303 927 553 988 Genetales
575 922 648 988 (v.
668 922 761 978 584
775 921 808 986 ).
836 925 873 968 Ι.
898 939 923 968 e
955 923 1170 984 proprias
1183 958 1198 982 ,
1228 939 1316 969 suo
1338 907 1499 985 generi
1519 939 1615 983 prae
1637 923 1736 969 aliis
1763 923 1907 968 datas.

295 1003 482 1049 Revicta
507 998 570 1064 (v.
596 997 725 1064 587).
758 1002 796 1045 Ι.
821 1015 860 1045 e.
886 999 1085 1049 vicissim
1106 999 1228 1045 victa
1252 1008 1298 1045 et
1320 1008 1550 1060 superata.

297 1080 404 1124 Alte
427 1078 646 1123 terminus
673 1077 860 1122 lzoerens
881 1074 953 1140 (v.
985 1074 1115 1140 590).
1139 1075 1263 1122 Vide
1277 1091 1427 1142 *supra
1460 1075 1521 1121 ad
1543 1091 1588 1121 v.
1619 1092 1693 1134 77.

298 1152 362 1219 (v,
386 1151 528 1218 593.)
558 1155 743 1200 Locum
774 1154 902 1199 hunc
927 1154 1154 1202 varietate
1190 1153 1403 1199 lectionis
1437 1152 1786 1199 vexatissimum
1825 1159 1951 1198 recte

231 1231 296 1278 sic
327 1231 572 1277 constituit
591 1230 835 1293 Forbiger.
862 1246 874 1275 :

408 1383 538 1394 .....
561 1354 760 1406 Quoniam
782 1361 840 1394 est
858 1361 1079 1394 extremum
1101 1352 1288 1407 quodque
1307 1366 1494 1394 cacumen

406 1423 593 1478 Corporis
610 1422 718 1470 iuius,
730 1423 861 1477 quod.

231 1540 508 1586 Extremum
524 1550 681 1588 autem
694 1558 915 1587 cacumen
930 1541 1001 1588 est
1015 1549 1276 1587 extremum
1307 1541 1428 1586 illud
1450 1549 1705 1601 punctum,
1729 1540 1791 1586 ad
1815 1541 1949 1602 quod

229 1615 316 1662 uhi
339 1616 595 1664 deventum
618 1627 712 1676 est,
736 1619 865 1663 nulla
888 1618 1088 1679 amplius
1111 1617 1257 1663 sectio
1290 1617 1444 1662 datur.

297 1689 362 1756 (v.
392 1690 524 1756 609.)
554 1694 734 1740 Eodem
767 1703 1043 1756 argumento
1076 1693 1228 1738 utitur
1256 1692 1490 1752 Epicurus
1523 1692 1574 1737 in
1602 1693 1756 1754 Epist.
1779 1694 1850 1739 ad
1861 1695 1953 1739 He·

231 1770 402 1823 rodot„
430 1772 454 1826 S
480 1767 565 1827 56,
598 1767 656 1828 57
690 1785 702 1813 ³
731 1779 790 1819 Οὐ
820 1774 887 1819 δεῖ
906 1778 1076 1834 νομίζειν
1102 1777 1139 1819 ἐν
1160 1782 1220 1833 τῷ
1246 1778 1451 1834 ὡρισμένῳ
1480 1776 1643 1834 σώματι
1677 1777 1863 1835 ἀπείρους
1889 1777 1953 1834 ὅγ-

229 1868 318 1901 κους
349 1847 461 1896 εἶναι·
489 1849 582 1895 οὐδὲ
608 1852 684 1911 γὰρ
709 1854 827 1906 ὅλως,
851 1849 1018 1896 ἐπειδὰν
1054 1852 1167 1903 ἅπαξ
1194 1870 1252 1902 τις
1276 1853 1369 1910 εἴπῃ
1393 1853 1454 1895 ὅτι
1478 1853 1635 1910 ἄπειροι
1671 1853 1780 1911 ὄγκοι
1807 1855 1844 1896 ἔν
1877 1870 1954 1896 τινι

228 1929 537 1986 ὖπάρχουσιν...,
560 1929 648 1972 ἐστὶ
670 1936 812 1978 νοῆσαι
836 1925 922 1980 πῶς
939 1934 977 1973 τ’
999 1929 1046 1972 ἂν
1073 1931 1133 1972 ἔτι
1155 1930 1463 1987 πεπερασμένον
1488 1934 1613 1981 τοῦτα
1629 1929 1686 1976 εἴη
1710 1930 1756 1972 τὸ
1777 1931 1951 1988 μέγεθος.

293 1998 557 2044 Minimum.
580 2000 618 2044 1.
651 2014 690 2044 e.
727 1999 936 2060 aliquid,
971 2015 1070 2060 quo
1104 1999 1234 2047 aliud
1262 1999 1417 2044 minus
1448 2014 1544 2059 esse
1566 2014 1665 2043 non
1692 1999 1854 2059 possit.

297 2074 602 2120 Parviuima.
638 2076 963 2136 superlativus
989 2076 1296 2136 parvissimus
1326 2077 1504 2120 Nostro
1517 2110 1530 2133 ,
1563 2075 1646 2138 qui
1684 2075 1850 2135 saepius
1880 2084 1955 2121 ta·-

229 2165 341 2196 men
370 2150 522 2197 utitur
558 2154 704 2198 altera
738 2152 891 2198 forma
923 2154 1171 2209 minimus,
1210 2161 1470 2211 usurpatur
1508 2152 1648 2196 etiam
1671 2168 1690 2196 1
1704 2187 1718 2210 ‚
1750 2152 1844 2197 622
1862 2186 1876 2210 ‚
1910 2162 1954 2198 et

229 2242 313 2286 111,
340 2242 449 2273 200.

297 2304 443 2350 Escit·
465 2300 530 2367 (v.
555 2301 694 2368 613).
725 2306 763 2349 1.
795 2319 835 2350 e.
861 2304 963 2350 erit.
994 2305 1254 2366 Antiquior
1280 2305 1376 2350 haec
1407 2304 1583 2362 forma,
1612 2319 1672 2349 ex
1707 2303 1843 2364 epico
1871 2303 1954 2350 illo

231 2387 346 2429 lexov
364 2389 470 2425 orta
482 2415 495 2438 ,
508 2380 559 2426 in
572 2381 692 2443 legg.
710 2383 808 2427 XII
829 2382 979 2427 Tabb.
994 2383 1159 2442 saepius
1181 2383 1374 2444 legitur,
1387 2381 1515 2426 unde
1529 2397 1574 2425 v.
1593 2396 1630 2425 c.
1655 2373 1833 2426 Gellius
1855 2396 1955 2425 eam

228 2456 367 2501 affert
388 2457 448 2502 N.
477 2458 536 2503 A.
571 2473 656 2516 xx,
687 2474 735 2516 1,
763 2458 1032 2519 pariterque
1057 2458 1248 2521 pluralis
1271 2468 1430 2504 escunt
1459 2457 1510 2502 in
1541 2456 1688 2502 veteri
1710 2457 1812 2519 lege
1827 2458 1956 2518 apud

231 2531 350 2591 Cic„
375 2534 437 2578 cle
464 2535 609 2594 Legg.
641 2550 704 2591 11,
737 2548 793 2579 21
810 2568 824 2592 ,
856 2537 880 2592 S
911 2533 974 2580 60
1003 2534 1253 2581 invenitur.
1290 2535 1454 2582 Festus
1485 2542 1641 2580 autem
1669 2549 1770 2579 non
1803 2535 1955 2579 solum

231 2607 429 2654 formam
458 2610 597 2666 escit,
624 2610 708 2656 sed
729 2610 868 2656 etiam
898 2611 1158 2672 composita
1188 2612 1360 2658 obescit
1381 2620 1427 2657 et
1449 2612 1699 2671 superescit
1712 2626 1771 2656 ex
1798 2611 1954 2657 Ennio

231 2691 280 2728 et
305 2684 444 2731 Attio·
471 2685 646 2732 laudat.
1279 2700 1283 2703 ·

300 2758 363 2824 (v.
389 2761 646 2828 626-628.)
672 2763 747 2810 Sic
775 2763 1115 2826 interpretatur
1145 2765 1395 2812 Creechius
1423 2780 1434 2809 ε
1459 2783 1479 2805 «
1508 2765 1576 2809 Ea
1599 2762 1723 2808 enim
1755 2778 1954 2823 corpora

233 2852 338 2897 quae
364 2838 540 2887 habent
565 2850 722 2901 partes
730 2877 744 2901 ‚
767 2850 814 2887 et
841 2859 941 2888 non
967 2852 1077 2889 sunt
1098 2844 1317 2897 minima,
1339 2856 1440 2886 non
1460 2847 1661 2900 possunt
1690 2840 1864 2885 habere
1880 2855 1955 2885 eas

233 2913 531 2974 affectiones,
563 2932 681 2978 quas
709 2935 869 2965 rerum
899 2920 1073 2965 semina
1104 2920 1280 2967 habere
1312 2918 1515 2976 debent,
1545 2915 1701 2962 varios
1737 2916 1955 2962 videlicet

234 3005 495 3050 eonnem,
533 2993 827 3056 gravitatem,
871 2996 1015 3056 ictus,
1054 3010 1308 3042 concursus
1349 3003 1396 3040 et
1428 3002 1611 3053 motus,
1645 2992 1743 3039 sine
1781 2993 1955 3053 quibus

234 3068 371 3114 nullae
394 3082 468 3115 res
488 3070 693 3129 produci
713 3082 924 3132 possunt.
942 3093 963 3115 ι)

303 3145 423 3203 Quoe
453 3147 626 3192 multis.
660 3149 718 3193 In
743 3149 960 3196 omnibus
993 3157 1234 3211 quotquot
1257 3146 1415 3194 collati
1438 3156 1547 3193 sunt
1581 3145 1750 3204 codd.,
1783 3145 1957 3207 legitur

232 3237 342 3283 quoe
363 3223 505 3267 nullis
519 3238 538 3277 ;
567 3222 652 3268 sed
687 3225 905 3271 Lambini
935 3227 1210 3286 conjectura
1244 3225 1420 3281 multas,
1438 3225 1619 3282 Fabro,
1648 3222 1871 3269 Creechio
1908 3231 1955 3268 et

233 3297 428 3345 Haverc.
453 3299 677 3359 probata,
701 3301 842 3363 longe
866 3302 1121 3348 faciliorem
1149 3311 1194 3348 et
1217 3301 1491 3362 ampliorem
1522 3300 1701 3362 praebet
1731 3315 1928 3345 sensum.
