2340 3926
382 277 441 319 30
965 271 1013 313 T.
1050 270 1340 316 LUCRErn
1373 271 1514 316 CARI
1893 275 1948 325 (v.
1965 277 2074 327 860.)

380 381 526 435 Scire
555 377 676 434 licet
694 422 708 448 ,
738 378 893 433 nobis
923 398 1083 433 venas
1103 421 1117 449 ,
1148 390 1202 432 et
1233 397 1474 454 sanguen
1493 420 1508 450 ‚
1538 390 1591 433 et
1620 399 1740 434 ossa
1758 421 1772 446 ‚

377 481 446 533 Et
474 498 665 533 nervos
695 476 1005 554 alienigenis
1035 498 1101 532 ex
1128 478 1373 553 partibus
1404 496 1519 535 esse
1549 499 1562 532 ε

378 579 500 633 Sive
530 578 676 633 cibos
706 598 892 633 omnes
920 578 1203 632 commisto
1233 596 1462 653 corpore
1488 577 1669 634 dicent

374 682 527 748 Esse,
558 692 612 734 et
639 678 836 733 habere
864 679 920 732 in
951 698 1005 733 se
1035 697 1328 732 nervorum
1358 696 1586 753 corpora
1615 697 1804 754 parva,

375 778 620 852 Ossaque
640 821 654 849 ‚
686 789 740 832 et
769 778 990 832 omnino
1017 797 1204 848 venas,
1235 788 1524 851 partesque
1552 777 1801 846 ctuoris3

372 878 489 932 Fiet
507 920 521 946 ,
552 878 633 932 uti
662 877 813 932 cibus
843 877 1019 931 omnis
1048 888 1100 930 et
1129 874 1344 944 aridus,
1374 887 1427 930 et
1456 875 1636 950 liquor
1662 877 1809 952 ipse,

371 979 453 1031 Ex
482 975 794 1051 alienigenis
823 975 985 1030 rebus
1013 987 1260 1030 constare
1291 987 1539 1050 putetur,

371 1076 593 1151 Ossibus
612 1117 626 1145 ‚
661 1086 713 1129 et
742 1075 919 1129 nervis
939 1116 953 1145 ‚
983 1075 1241 1149 venisque
1260 1115 1274 1144 ‚
1303 1086 1358 1128 et
1383 1075 1644 1151 sanguine
1676 1076 1854 1132 misto.

448 1176 710 1228 Praeterea
739 1192 1076 1247 quaecunque
1108 1192 1138 1227 e
1168 1183 1318 1226 terra«
1340 1192 1571 1248 corpora
1600 1188 1846 1231 crescunt
1868 1216 1881 1242 ‚

370 1273 427 1326 Si
457 1283 584 1325 sunt
616 1273 673 1324 in
703 1271 893 1339 terriS‚
927 1281 1096 1325 terras
1125 1283 1372 1325 constare
1391 1291 1618 1326 --necesse
1646 1285 1751 1342 est,

367 1370 448 1423 Ex
476 1368 790 1444 alienigenis
820 1388 942 1443 quae
968 1369 1129 1422 terris
1159 1370 1494 1422 exoriuntur.
1515 1379 1529 1414 ἐ-
1555 1400 1557 1402 -

367 1467 619 1524 Transfer
648 1468 807 1538 item,
838 1465 1067 1521 totidem
1096 1466 1276 1521 verbis
1305 1478 1459 1521 utare
1487 1464 1671 1522 licebit
1698 1487 1712 1522 τ

368 1571 441 1622 In*
463 1567 623 1644 lignis
659 1568 704 1622 si
733 1566 950 1621 flamma
977 1564 1138 1635 latet,
1168 1565 1492 1641 fumusque,
1520 1565 1789 1643 cinisque,

367 1670 448 1723 Ex
478 1666 793 1743 alienigenis
825 1666 1125 1721 consistant
1154 1664 1301 1741 ligna
1327 1685 1543 1721 necesse
1570 1677 1667 1721 est.

444 1767 740 1842 Linquitur
769 1767 858 1822 hic
882 1766 1062 1821 tenuis
1093 1764 1342 1820 latitandi
1371 1765 1529 1841 copia
1555 1764 1829 1841 quaedam:

365 1866 428 1920 Id
458 1866 605 1941 quod
632 1868 983 1942 Anaxa-goras
1019 1865 1118 1920 sibi
1150 1865 1347 1933 sumit;
1374 1877 1438 1920 ut
1467 1865 1720 1920 omnibus
1746 1886 1932 1922 omnes

363 1970 469 2021 Res
499 1978 655 2041 putet
685 1966 947 2021 immistas
975 1965 1139 2020 rebus
1168 1964 1412 2034 latitare,
1443 1954 1705 2033 sed,illud

364 2067 642 2140 Apparere
672 2086 871 2136 unum,
904 2065 1064 2141 cujus
1090 2066 1197 2119 sint
1226 2062 1405 2139 pluria
1433 2064 1593 2120 mista
1610 2104 1625 2134 ,

361 2166 430 2218 Et
460 2165 631 2240 magis
659 2165 716 2218 in
746 2175 1035 2239 promptu,
1065 2164 1347 2238 primaque
1375 2163 1432 2217 in
1462 2161 1642 2216 fronte
1671 2160 1849 2217 locata
1878 2182 1892 2217 z

362 2262 528 2334 Quod
560 2275 743 2318 tamen
772 2284 804 2317 a
832 2282 964 2317 vera
992 2260 1154 2337 longe
1183 2262 1394 2315 ratione
1421 2259 1705 2337 repulsum
1738 2272 1834 2316 est.

362 2362 736 2418 Conveniebat
765 2362 909 2416 enim
937 2361 1121 2435 fruges
1152 2381 1371 2435 quoque
1401 2380 1539 2436 saepe
1567 2360 1806 2414 minutas
1823 2402 1837 2427 ,

362 2462 578 2517 Robore
607 2482 779 2538 quum
809 2462 921 2515 saxi
951 2460 1306 2535 franguntur,
1337 2458 1552 2514 mittere
1581 2461 1795 2536 signum

362 2562 677 2638 Sanguini5‚
707 2572 802 2615 aut
829 2558 1019 2630 alium,
1050 2570 1238 2613 nostro
1267 2578 1386 2633 quae
1416 2577 1643 2633 corpore
1674 2556 1914 2622 aluntur,

361 2664 552 2734 Quum
580 2659 746 2737 lapidi
776 2658 1011 2736 lapidem
1039 2658 1294 2727 terimus,
1326 2676 1545 2711 manare
1573 2676 1838 2711 cruorem.

362 2758 644 2816 Consimili
673 2760 883 2814 ratione
912 2758 1108 2813 herbas
1140 2776 1358 2832 quoque
1383 2776 1528 2831 -saepe
1558 2755 1780 2810 decebat

360 2863 431 2915 Et
462 2859 633 2915 laticis
662 2859 846 2915 dulces
874 2871 1082 2936 guttaS,
1114 2855 1384 2931 similique
1415 2875 1605 2930 sapore

359 2960 582 3014 Mittere
601 3000 616 3029 ,
646 2957 897 3035 lanigerae
927 2955 1075 3035 quali
1104 2968 1234 3011 sunt
1263 2956 1431 3010 ubera
1461 2953 1615 3009 lactis
1646 2975 1657 3007 ε

363 3058 575 3113 Scilicet
603 3070 656 3113 et
687 3057 856 3134 glebis
885 3070 1157 3112 terrarum
1186 3075 1323 3130 saepe
1353 3051 1525 3108 friatis
1542 3096 1556 3125 ‚

361 3159 667 3213 Herbarum
695 3178 894 3235 genera
911 3200 926 3227 ‚
956 3169 1010 3212 et
1038 3156 1219 3232 fruges
1236 3197 1252 3227 ,
1282 3154 1611 3229 frondesque
1639 3151 1810 3207 videri

361 3257 687 3331 Dispertita‚
719 3234 882 3331 atque
912 3258 968 3310 in
1000 3256 1158 3310 terris
1188 3253 1400 3308 latitare
1430 3254 1670 3321 minute3
