2340 3926
391 301 449 332 20
955 285 1008 328 T.
1046 281 1336 327 LUCRETII
1373 280 1512 324 CARI
1897 278 1947 328 (v.
1967 279 2080 328 560.)

388 387 554 459 Quod
583 387 826 463 fregisset
850 385 1049 455 adhuc,
1081 385 1390 440 disturbans
1417 380 1844 455 dissolvensque,

386 487 451 542 Id
481 507 756 562 nunquam
785 483 995 559 reliquo
1022 484 1261 559 reparari
1289 495 1535 558 tempore
1564 492 1759 558 posset.

387 589 462 644 A’t
490 605 634 639 nunc
668 584 923 638 nimirum
953 581 1237 658 frangendi
1266 580 1478 635 reddita
1505 579 1626 634 finis

388 686 552 739 Certa
579 695 760 738 manet
796 703 808 736 ε
842 681 1100 758 quoniam
1128 679 1276 734 refici
1304 699 1420 733 rem
1449 694 1721 752 quamque
1751 677 2021 743 videmUS‚

388 785 457 837 Et
483 783 634 837 finita
668 779 828 837 simul
863 779 1160 856 generatim
1192 790 1439 853 tempora
1466 776 1630 830 rebus

390 883 566 951 Stare,
597 881 792 956 quibus
823 879 1030 956 possint
1059 878 1156 932 aevi
1187 876 1499 951 contingere
1528 873 1732 930 florem.

468 984 588 1034 Huc
615 978 819 1034 accedit
847 978 954 1048 uti,
986 975 1306 1032 solidissima
1335 974 1579 1029 materiai

390 1080 636 1152 Corpora
665 1098 836 1151 quum
864 1087 1135 1146 constant,
1168 1073 1375 1151 possint
1404 1086 1585 1128 tamen
1617 1072 1800 1127 omnia
1829 1068 1985 1126 reddi

390 1174 579 1231 Mollia
599 1218 613 1246 ,
645 1195 764 1249 quae
793 1175 926 1229 fiant
952 1180 1060 1244 aer,
1092 1193 1263 1248 aqua,
1293 1185 1462 1245 terra,
1493 1191 1743 1248 vapores,
1905 1169 1908 1172 ’

391 1275 520 1344 Quo
551 1285 707 1347 pacto
737 1272 894 1342 fiant,
925 1284 978 1326 et
1010 1291 1117 1346 qua
1143 1272 1197 1325 vi
1225 1292 1458 1345 cumque
1488 1283 1792 1346 genantur3

390 1371 700 1427 Admistum
729 1370 988 1445 quoniam
1022 1367 1184 1424 simul
1214 1381 1294 1424 est
1321 1369 1379 1422 in
1407 1369 1573 1426 rebus·
1599 1370 1777 1424 inane.

392 1473 466 1524 At
494 1482 707 1538 contra,
738 1470 781 1523 si
813 1466 997 1523 mollia
1026 1469 1134 1523 sint
1162 1466 1463 1543 primordia
1491 1477 1702 1538 rerum,

395 1567 553 1623 Unde
582 1579 783 1647 queant
810 1565 975 1635 vali-di
1011 1565 1183 1622 silices
1213 1566 1530 1642 ferrumque
1559 1566 1756 1638 creari,

397 1667 522 1722 Non
551 1667 752 1742 poterit
779 1666 919 1720 ratio
947 1665 1101 1720 reddi
1132 1687 1147 1721 z
1176 1686 1303 1721 nam
1333 1665 1578 1721 funditus
1607 1663 1785 1722 omnis

394 1765 669 1841 Principio
700 1765 1042 1821 fundamenti
1069 1766 1283 1822 Natura
1309 1768 1514 1822 carebit
1547 1789 1560 1821 :

395 1866 538 1936 Sunt
566 1865 735 1940 igitur
763 1862 935 1920 solida
965 1863 1226 1941 pollentia
1259 1864 1627 1942 simplicitate,

395 1965 653 2035 Quorum
681 1964 955 2019 condenso
990 1966 1162 2040 magis
1191 1966 1375 2020 omnia
1402 1964 1691 2020 conciliatu

395 2064 613 2118 Arctari
649 2075 904 2138 possunt,
935 2061 1248 2139 validasque
1277 2064 1561 2119 ostendere
1594 2065 1753 2118 vireS.

475 2161 730 2236 Denique
750 2163 866 2237 jam
901 2162 1161 2237 quoniam
1194 2164 1495 2238 generatim
1522 2163 1735 2218 reddita
1764 2162 1889 2218 finis

397 2259 690 2315 Crescendi
719 2260 883 2315 rebus
912 2270 1149 2332 constat,
1179 2261 1458 2336 vitamque
1486 2261 1703 2332 tuendi,

400 2362 469 2415 Et
506 2359 641 2435 quid
672 2379 905 2434 quaeque
931 2373 1135 2435 queant
1163 2381 1262 2434 per
1292 2360 1496 2416 foedera
1526 2362 1786 2431 Naturai,

405 2457 557 2529 Quid
587 2478 754 2534 porro
783 2470 1055 2533 nequeant
1071 2500 1086 2528 ,
1125 2458 1393 2513 sancitum
1426 2458 1869 2536 quandoquidem
1904 2465 2078 2515 e'xstat
2104 2480 2119 2516 :

402 2558 521 2614 Nec
546 2568 958 2611 commutantur
986 2556 1318 2632 quidquam;
1348 2558 1484 2633 quin
1516 2559 1698 2614 omnia
1730 2571 1981 2615 constant

404 2658 595 2730 Usque
626 2655 786 2725 ade0,
816 2656 978 2712 variae
1011 2654 1258 2711 volucres
1287 2669 1350 2711 ut
1377 2657 1434 2711 in
1468 2656 1658 2713 ordine
1687 2665 1893 2714 cunctae

408 2754 719 2810 Ostendant
752 2752 992 2809 maculas
1026 2753 1303 2830 generales
1331 2757 1547 2832 corpori
1576 2757 1780 2828 inesse;

406 2853 753 2910 Immutabile
783 2856 1022 2910 materiae
1050 2876 1268 2931 quoque
1298 2876 1496 2933 corpus
1523 2856 1720 2912 habere

408 2952 627 3009 Debent
655 2954 932 3009 nimirum.
961 2956 1106 3012 Nam
1132 2955 1176 3009 si
1204 2955 1503 3033 primordia
1531 2976 1717 3012 rerum

412 3053 756 3109 Commutari
785 3051 969 3129 aliqua
996 3068 1217 3130 possent
1243 3055 1454 3111 ratione
1485 3056 1713 3126 revicta,

416 3155 691 3206 Incertum
721 3172 941 3228 quoque
967 3154 1080 3229 jam
1107 3167 1340 3227 constet,
1375 3153 1706 3230 quidpossit
1739 3153 1894 3224 oriri,

416 3250 567 3320 Quid
597 3264 856 3325 nequeat3
887 3252 1042 3310 finita
1073 3266 1310 3330 potestas
1346 3252 1580 3329 denique
1610 3254 1805 3328 cuique
