2320 3866
385 244 409 287 3
421 258 436 285 1
446 257 474 285 0
987 240 1465 288 ADNOTATIONES

446 334 508 400 (v.
534 334 663 403 914.)
690 332 842 400 (Ῠπνος
862 359 906 385 τε
930 335 1104 401 γίνεται)
1125 346 1371 402 πονουμένων
1396 350 1473 387 τῶν
1503 350 1573 394 τῆς
1595 344 1718 401 ψυχῆς
1736 351 1860 402 μερῶν
1884 352 1961 388 τῶν
1984 354 2080 405 παρ’
2128 371 2131 374 r

381 421 468 466 ὅλην
511 420 583 468 τὴν
620 421 819 477 σύγκρισιν
854 422 1212 478 παρεσπαρμένων,
1245 423 1270 469 ἢ
1305 422 1647 478 ἐγκατεχομένων,
1680 423 1706 469 ἢ
1738 417 2080 480 διαφορουμένων,

382 490 470 538 εἶτα
493 496 802 553 συμπιπτόντων
831 497 899 539 σὺν
922 498 1004 545 τοῖς
1026 498 1296 554 ἐσπαρμένοις.
1320 491 1514 537 Emcun.
1533 492 1600 535 ad
1617 492 1810 549 Herod„
1834 495 1858 548 §
1890 491 1965 538 66.

449 562 509 628 (v.
535 562 668 628 924).
694 567 764 610 De
783 581 901 612 voce
922 567 1036 611 cinis
1057 581 1225 628 genere
1252 566 1406 612 femin.
1430 576 1652 629 usurpata
1675 567 1732 613 cf.
1757 569 1942 613 Rudim.
1965 571 2080 614 Inst.

383 642 489 696 Gn,
515 656 557 698 1,
584 654 631 701 p.
658 641 745 700 26,
772 651 871 688 not.
903 643 977 701 37.
1368 659 1370 661 ’

452 718 668 778 Utrinque
698 734 828 764 secus
851 717 912 782 (v.
949 717 1077 783 937).
1100 722 1137 766 1.
1163 736 1203 766 e.
1227 736 1286 767 ex
1306 730 1506 782 utraque
1526 731 1659 783 parte
1675 756 1688 781 ‚
1710 722 1891 767 interna
1914 721 2085 767 scilicet

383 801 683 855 externaque.

449 871 582 916 Motu
606 882 763 916 mutua
777 870 926 934 fungi
945 869 1006 935 (v.
1034 871 1169 938 945).
1200 874 1275 920 Sic
1300 890 1339 919 11
1357 910 1369 933 ,
1394 874 1453 934 75
1482 891 1494 920 :

557 1028 742 1039 .....
774 1001 889 1038 Inter
907 1012 948 1038 se
971 999 1154 1039 mortales
1173 1007 1308 1040 mutua
1327 999 1477 1041 vivunt.

448 1096 510 1168 (v.⁴
535 1102 665 1167 956.)
692 1105 870 1149 Locum
903 1106 1028 1149 hunc
1066 1105 1130 1150 sie
1152 1105 1485 1166 interpretatur
1521 1107 1709 1152 Creech.
1741 1124 1752 1152 ε
1786 1127 1807 1149 «
1824 1108 1940 1153 Inde
1967 1107 2020 1153 fit
2042 1117 2092 1153 ut

384 1181 535 1226 anixna
565 1180 615 1225 in
637 1187 793 1241 partes
819 1181 1066 1226 interiores
1103 1180 1288 1242 longius
1322 1181 1540 1240 recedat,
1564 1191 1618 1226 ut
1649 1183 1800 1242 maj0r
1832 1185 1952 1230 illius
1983 1201 2092 1246 pars

383 1256 509 1302 foras
538 1256 767 1316 ejiciatur,
791 1265 838 1303 et
865 1266 919 1302 ut
946 1257 1185 1317 particulae
1204 1259 1367 1303 animae
1390 1273 1494 1320 quae
1519 1258 1644 1306 intus
1669 1269 1856 1306 manent
1879 1260 1969 1306 sint
1993 1277 2020 1306 a
2047 1277 2093 1307 se

383 1333 582 1379 invicem
603 1333 760 1379 divisae
781 1334 927 1396 magis
959 1343 1006 1379 et
1029 1334 1272 1380 distractae.
1296 1356 1317 1377 »

449 1410 544 1455 Sed
554 1425 666 1456 vero
686 1407 748 1474 (v.
771 1408 910 1474 983).
931 1409 1008 1457 Sic
1033 1410 1152 1469 Cic„
1174 1413 1345 1467 Marc„
1367 1418 1392 1466 l,
1413 1429 1424 1456 z
1446 1422 1499 1458 at
1515 1427 1624 1459 vem
1636 1430 1655 1469 ,·
1668 1422 1716 1459 et
1736 1415 1939 1471 Plautus,
1954 1415 2093 1470 Rud„

388 1504 459 1546 11,
493 1486 547 1546 5,
569 1485 655 1532 15:
677 1488 766 1532 sed
788 1496 959 1533 autem.

449 1567 506 1611 V.
532 1564 625 1626 987
644 1563 914 1623 Lambinus,
930 1564 1163 1622 Gifanius‚
1179 1565 1364 1624 Faber.,
1388 1565 1604 1623 Creech.,
1628 1574 1714 1611 etc.
1739 1566 1951 1627 spurium
1962 1566 2095 1626 judi-

387 1650 566 1687 carunt.
593 1641 854 1704 Forbigero
891 1641 942 1687 in
964 1641 1138 1686 ultimis
1169 1641 1326 1687 verbis
1363 1651 1614 1704 corruptus
1629 1677 1644 1700 ,
1667 1641 1749 1688 sed
1771 1658 1871 1688 non
1906 1644 2097 1699 omnino

386 1719 562 1763 nothus
590 1718 793 1763 videtur.

459 1795 720 1839 Venantum
745 1792 807 1857 (v.
836 1793 930 1854 988
940 1791 972 1855 ).
996 1795 1034 1837 I.
1051 1809 1091 1838 e.
1117 1802 1396 1839 venatorum
1411 1829 1425 1853 ,
1451 1803 1505 1839 ut
1532 1810 1552 1839 1
1571 1829 1584 1851 ,
1614 1794 1735 1855 935,
1757 1797 1990 1840 medentes
2008 1811 2099 1856 pro

388 1871 570 1916 medici.

454 1948 523 1992 Ec
543 1947 728 1991 crebras
752 1947 972 1990 reducunt
990 1947 1178 1991 naribus
1200 1962 1341 1992 auras
1366 1945 1426 2009 (v.
1457 1946 1585 2010 990).
1616 1949 1652 1992 Ι.
1683 1963 1721 1992 e.
1758 1947 1925 1993 crebro
1947 1948 2099 2008 respi-

390 2032 496 2070 rant
519 2031 567 2068 et
588 2023 830 2067 attrahunt
851 2038 1004 2068 aerem
1020 2058 1034 2082 ‚
1062 2023 1196 2084 quasi
1222 2023 1475 2069 odorantes
1502 2024 1705 2069 ferarum
1730 2024 1937 2086 vestigia.

454 2101 513 2145 V.
549 2099 642 2160 996
679 2114 706 2144 a
747 2098 977 2144 Lambino
1022 2098 1278 2145 confictum
1311 2102 1521 2146 exsulare
1562 2101 1697 2160 jussit
1729 2100 1940 2158 Wakef.‚
1974 2109 2021 2146 et
2056 2101 2106 2145 in

386 2192 527 2222 versu
559 2174 852 2236 praecedente
879 2191 972 2235 pro
1002 2185 1223 2221 consueta
1255 2177 1385 2221 domi
1417 2178 1542 2236 conj.
1571 2187 1789 2222 consueta
1819 2179 1959 2222 domu
1986 2174 2036 2240 (i.
2064 2193 2103 2223 e.

390 2251 581 2310 domui,
610 2251 670 2297 de
693 2267 788 2312 qua
807 2251 1109 2298 ’insolentiori
1138 2252 1285 2298 dativi
1312 2253 1464 2299 forma
1485 2253 1580 2298 vid.
1606 2255 1849 2299 Pruscnm.
1865 2269 1994 2312 ,vr1,
2025 2254 2105 2312 18,

390 2334 414 2386 S
443 2329 528 2387 88,
552 2338 598 2374 et
620 2331 859 2386 Gnruus,
891 2345 956 2386 ιν,
993 2329 1085 2391 16).
2096 2314 2101 2326 ’

460 2405 648 2450 Semina
675 2420 832 2449 eorum
864 2402 926 2466 (v.
953 2405 1087 2467 999).
1120 2407 1424 2466 Havercamp.
1456 2415 1503 2452 et
1539 2407 1720 2453 Wakef.
1754 2423 1860 2453 eum
1895 2406 2107 2468 plurimis

390 2480 522 2526 libris
551 2480 801 2526 ediderunt
829 2482 1122 2525 seminiorum
1135 2514 1150 2536 ‚
1182 2482 1316 2541 quod
1339 2482 1399 2526 ad
1423 2498 1607 2527 sensum
1627 2483 1790 2528 melius
1822 2482 2038 2544 quadrat.

456 2558 528 2602 De
562 2558 783 2618 accipitre
816 2555 879 2620 (v.
922 2554 1104 2620 1005),
1140 2557 1232 2603 hoc
1263 2574 1362 2602 uno
1396 2559 1679 2619 scriptorum
1715 2560 1968 2605 latinorum
1999 2562 2106 2606 loco

393 2649 563 2696 genere
585 2634 741 2679 femin.
764 2642 1015 2694 usurpato,
1040 2634 1097 2678 cf.
1132 2635 1347 2690 Nomos,
1377 2650 1440 2678 111
1458 2670 1471 2692 ,
1500 2643 1554 2690 14
1569 2671 1582 2693 ‚
1607 2637 1733 2681 hunc
1765 2645 1812 2682 et
1835 2646 2106 2698 sequentem

392 2725 578 2756 versum
608 2719 862 2770 propterea
890 2710 1098 2755 laudans.

462 2785 522 2848 (v.
558 2786 715 2850 1020.)
740 2807 759 2828 α
774 2788 912 2842 Pusi,
923 2787 1065 2848 puri,
1084 2787 1220 2847 pueri
1238 2786 1331 2848 legi
1353 2794 1534 2847 potest3
1560 2788 1723 2834 eadem
1744 2789 1867 2834 enim
1897 2788 2106 2835 omnium

395 2861 690 2925 significatio.
706 2883 727 2904 ³>
754 2866 933 2910 FAnnn.

457 2941 603 2985 Dolia
624 2948 770 2985 curta.
794 2941 833 2985 Ι.
860 2956 899 2986 e.
926 2940 1182 3001 amphorae,
1213 2956 1320 3001 quae
1343 2954 1432 3000 per
1453 2940 1730 3002 angiportus
1762 2931 1892 2987 et‘ad
1913 2943 2109 3003 angulos

394 3018 654 3078 platearum
694 3018 954 3076 collocatae,
990 3017 1183 3063 fortasse
1210 3016 1349 3062 etiam
1379 3016 1637 3077 parietibus
1662 3017 1844 3063 insertae
1876 3027 2029 3075 erant,
2059 3026 2112 3062 ut

395 3102 727 3152 praeteretmtes
739 3093 938 3139 vesicam
961 3094 1012 3138 in
1038 3109 1116 3140 eas
1142 3108 1397 3139 exonerare
1425 3103 1637 3153 possent,
1661 3095 1832 3139 eaedem
1856 3094 1985 3139 haud
2014 3093 2109 3138 du-

397 3169 499 3227 bie,
524 3186 629 3231 quae
649 3170 779 3232 apud
802 3173 1038 3228 Puram-n,
1065 3185 1124 3228 70
1156 3178 1203 3215 et
1226 3185 1286 3230 79
1303 3205 1316 3228 ‚
1337 3181 1498 3230 gastra
1526 3167 1620 3234 (vel
1646 3170 1842 3235 gastroe)
1864 3179 2107 3216 vocantur.

400 3246 470 3290 Cf.
494 3249 799 3305 Mucnomos,
834 3262 896 3304 11,
930 3261 985 3291 12
1003 3281 1017 3304 ,
1042 3255 1087 3291 et
1114 3248 1310 3292 CASAUB.
1343 3245 1406 3291 ad
1434 3247 1561 3292 Suet.
1578 3281 1592 3305 ,
1622 3249 1785 3309 Vesp.,
1819 3264 1856 3293 c.
1878 3259 2022 3292 xxnx.
