2300 3926
180 271 231 320 tv·
249 275 372 327 που.)
583 275 663 320 DE
699 273 916 319 RERUM
949 260 1200 317 NATURA
1233 275 1342 317 Lm
1378 276 1439 321 11.
1799 283 1857 334 ²⁴9

177 377 498 441 Intestinum
523 375 716 456 habeat
736 374 954 428 cunctis
985 374 1040 426 in
1071 374 1230 429 rebus
1267 375 1511 452 agendiS,

175 472 248 527 Et
278 473 485 528 devicta
507 471 659 547 quasi
691 481 915 546 cogatur
946 470 1084 526 ferre
1114 473 1364 548 patique:

175 569 241 625 Id
270 570 396 626 facit
423 569 677 646 exiguum
703 586 999 625 CLINAMEN
1025 569 1446 645 principiorum,

174 653 293 724 Nec
312 666 530 742 regione
556 663 662 719 loci
693 676 865 734 certa,
887 656 994 721 'nec
1026 665 1278 742 tempore
1304 665 1468 723 cert0.

250 763 363 820 Nec
394 763 590 838 stipata
622 763 794 839 magis
824 763 927 818 fuit
958 763 1199 838 unquam
1231 764 1478 818 materiai

171 861 372 937 Copia,
406 880 702 936 necporro
732 861 1025 936 majoribus
1058 859 1372 915 intervallis

103 1023 111 1028 j
170 961 311 1017 Nam
342 978 515 1034 neque
548 958 859 1035 adaugescit
893 958 1219 1034 quidquam,
1254 978 1431 1033 neque
1465 957 1678 1034 deperit
1715 959 1860 1013 inde.

168 1058 543 1133 Quapropter,
577 1050 686 1132 quo
718 1078 865 1112 nunc
896 1058 953 1111 in
985 1068 1140 1111 motu
1171 1057 1570 1132 principiorum

166 1156 413 1231 Corpora
439 1167 599 1227 sunt,
621 1157 690 1211 'in
721 1150 912 1211 ecdem
946 1166 1195 1210 anteacta
1225 1166 1381 1210 aetate
1414 1154 1595 1226 filere,

167 1256 241 1309 Et
271 1255 500 1331 posthac
533 1274 746 1330 semper
774 1253 936 1309 simili
964 1253 1175 1308 ratione
1192 1252 1465 1309 ferentur.

165 1353 235 1406 Et
261 1371 382 1427 quae
412 1364 748 1408 consuerunt
775 1353 953 1428 gigni,
986 1352 1281 1427 gignentur
1311 1351 1502 1406 eadem

168 1449 529 1521 Conditione3
554 1461 608 1505 et
640 1461 803 1506 erunt
822 1492 838 1519 ‚
872 1461 925 1505 et
952 1449 1220 1519 crescent,
1244 1450 1416 1526 vinque
1449 1449 1731 1521 valebunt,

169 1548 458 1620 Quantum
491 1550 688 1624 cuique
721 1547 910 1614 datum
943 1560 1023 1602 est
1057 1567 1155 1622 per
1187 1546 1390 1601 foedera
1420 1549 1670 1604 Naturai.

164 1646 281 1702 Nec
314 1641 505 1701 rerum
530 1665 799 1702 summam
826 1655 1163 1715 commutare
1197 1639 1309 1698 ulla
1335 1655 1515 1720 potest
1547 1645 1647 1700 vis,

162 1744 305 1800 Nam
327 1763 503 1819 neque
536 1739 645 1819 quo
679 1744 852 1820 possit
886 1762 1056 1819 genus
1085 1740 1261 1798 ullum
1291 1743 1540 1798 materiai

160 1839 413 1918 Effugere
435 1861 502 1897 ex
518 1842 714 1914 Omni,
734 1841 1034 1918 quidquam
1060 1853 1166 1913 est3
1191 1861 1370 1917 neque
1391 1862 1581 1898 rursus
1602 1843 1660 1897 in
1684 1828 1867 1900 Omne

159 1939 322 1995 Unde
354 1951 542 1996 coorta
571 1951 733 2017 queat
759 1930 901 1996 nova
926 1942 1008 1996 vis
1042 1940 1377 2017 irrumpere,
1412 1950 1468 1995 et
1500 1961 1720 1998 ornnem

158 2039 426 2095 Naturam
457 2059 644 2095 rerum
667 2051 882 2095 mutare
909 2051 965 2095 et
994 2052 1207 2095 verte-re
1233 2052 1433 2112 motus.

237 2136 382 2193 Illud
416 2139 475 2194 in
503 2137 588 2194 his‘
621 2136 785 2194 rebus
819 2160 932 2194 non
963 2150 1045 2194 est
1077 2137 1324 2194 mirabile
1352 2161 1365 2194 z
1396 2159 1564 2213 quare
1672 2143 1674 2145 ’

161 2236 365 2290 Omnia
393 2234 564 2312 quum
596 2256 782 2291 rerum
815 2236 1116 2312 primordia
1149 2236 1259 2290 sint
1289 2237 1345 2291 in
1379 2247 1559 2305 mom,
1650 2226 1667 2233 Ν

159 2337 384 2389 Summa
418 2346 602 2390 tamen
635 2354 849 2390 summa
882 2333 1130 2389 videatur
1157 2346 1300 2388 stare
1340 2332 1549 2409 quiete,

155 2433 527 2509 Praeterquam
555 2435 599 2489 si
627 2433 760 2510 quid
791 2433 1015 2509 proprio
1043 2431 1136 2486 dat
1161 2452 1392 2508 corpore
1424 2445 1624 2488 motus.

162 2533 356 2590 Omnis
383 2533 529 2588 enim
557 2531 718 2610 longe
750 2532 950 2587 nostris
982 2531 1050 2586 ab
1079 2531 1323 2586 sensibus
1358 2530 1499 2586 infra

159 2632 468 2688 Primorum
496 2644 695 2687 natura
724 2633 867 2708 jacet
895 2652 907 2685 :
935 2641 1287 2707 quapropter,
1315 2630 1410 2685 ubi
1443 2629 1536 2686 illa

158 2732 392 2786 Cernere
416 2732 531 2808 jam
563 2727 1043 2807 nequeas,‘motus
1077 2750 1297 2806 quoque
1330 2749 1550 2805 surpere
1585 2730 1819 2803 debent;

156 2828 459 2885 Praesertim
489 2851 688 2907 quum,
725 2851 844 2906 quae
874 2830 1142 2906 possimus
1176 2832 1421 2898 cernere,
1451 2827 1628 2884 celent

159 2930 311 3004 Saepe
339 2942 520 2985 tamen
551 2940 759 3000 motus,
791 2929 968 3005 spatio
993 2928 1215 2984 diducta
1250 2927 1514 2983 locorum.

157 3028 301 3083 Nam
339 3046 477 3103 saepe
508 3028 565 3082 in
599 3027 724 3084 colli
760 3028 1044 3086 tondentes
1078 3027 1278 3105 pabula
1313 3025 1434 3081 laeta

159 3126 440 3203 Lanigerae
467 3137 686 3201 reptant
716 3127 972 3202 pecudes,
1010 3147 1120 3202 quo
1154 3144 1429 3202 quamque
1455 3138 1711 3182 vocantes

159 3226 399 3281 Invitant
434 3224 613 3280 herbae
642 3238 976 3301 gemmantes
1011 3247 1136 3282 rore
1163 3226 1401 3295 recenti3

1554 3329 1588 3394 li
