2300 3926
336 287 393 331 86
907 286 959 329 Τ.
999 285 1288 329 LUCRETII
1325 285 1470 327 CARI
1853 284 1895 324 (v.
1919 291 2012 335 201.)

333 392 402 444 Et
430 388 713 445 laevissima
741 399 899 459 sunt,
931 389 1008 443 ita
1035 388 1338 444 mobilitata
1366 387 1612 442 feruntur
1644 407 1657 439 ε

336 491 406 545 At
434 500 623 545 contra
652 507 760 563 quo
791 506 1015 562 quaeque
1043 489 1214 562 magis
1243 507 1369 541 cum
1397 505 1623 562 corpore
1651 502 1851 560 magno

336 588 646 662 Asperaque
675 586 1045 657 inveniuntur,
1076 605 1140 648 eo
1170 583 1406 640 stabilita
1434 584 1605 659 magis
1635 592 1777 639 sunt.

415 687 580 741 Nunc
610 685 793 761 igitur,
822 686 1080 760 quoniam
1108 695 1189 739 est
1216 683 1383 738 animi
1411 687 1604 737 natura
1640 691 1854 755 reperta

339 781 557 838 Mobilis
588 784 827 859 egregie,
858 803 956 858 per
984 803 1148 858 quam
1177 793 1426 837 constare
1454 799 1669 835 necesse
1697 789 1780 834 est

339 881 672 956 Corporibus
702 881 880 956 parvis
910 893 965 935 et
992 879 1212 936 laevibus
1243 892 1405 955 atque
1434 876 1682 934 rotundis
1712 898 1724 931 ε

339 979 479 1049 Quae
506 979 603 1033 tibi
633 980 847 1055 cognita
874 999 963 1035 res
987 980 1045 1034 in
1072 978 1291 1049 multis,
1321 998 1355 1033 o
1383 977 1550 1047 bone,
1579 976 1743 1031 rebus

339 1074 503 1130 Utilis
534 1077 858 1147 invenietur,
886 1089 940 1132 et
967 1089 1278 1153 opportuna
1305 1075 1523 1131 eluebit.

420 1175 548 1228 Haec
578 1193 795 1248 quoque
822 1194 909 1229 res
937 1175 1101 1229 etiam
1129 1186 1380 1229 naturam
1410 1171 1652 1247 deliquat
1677 1170 1793 1246 ejus
1810 1211 1828 1241 ,

341 1272 523 1341 Quam
554 1271 704 1325 tenui
732 1283 944 1326 constet
972 1282 1209 1341 textura,
1238 1291 1511 1346 quamque
1538 1269 1661 1325 loco
1691 1289 1746 1324 se

342 1368 636 1423 Contineat
663 1388 831 1444 parvo
847 1410 863 1439 ‚
894 1369 939 1423 si
966 1368 1136 1445 possit
1163 1367 1587 1443 conglomerari3

344 1466 511 1537 Quod
541 1465 701 1522 simul
731 1479 894 1542 atque
922 1467 1200 1523 hominem
1228 1464 1363 1521 lethi
1391 1484 1580 1521 secura
1607 1463 1759 1539 quies
1786 1473 1869 1518 est

344 1564 599 1640 Indepta,
629 1577 793 1640 atque
822 1566 988 1619 animi
1017 1576 1213 1620 natura
1241 1565 1544 1639 animaeque
1570 1562 1820 1630 recessit,

345 1661 441 1720 Nil
470 1663 546 1718 ibi
574 1662 823 1719 limatum
852 1663 920 1718 de
949 1675 1066 1719 toto
1094 1683 1322 1738 corpore
1349 1683 1536 1718 cernas

347 1761 433 1816 Ad
461 1762 693 1836 speciem
712 1803 726 1831 ,
757 1760 894 1816 nihil
924 1761 993 1816 ad
1021 1761 1236 1838 pondus
1266 1782 1278 1815 :
1311 1781 1457 1816 mors
1487 1760 1670 1815 omnia
1696 1770 1947 1835 praestat,

348 1857 585 1913 Vitalem
615 1871 811 1934 praeter
841 1879 1059 1915 sensum
1089 1858 1431 1934 calidumque
1459 1878 1732 1934 vaporem.

349 1959 495 2032 Ergo
523 1957 761 2011 animam
791 1968 960 2012 totam
989 1958 1270 2035 perparvis
1296 1977 1410 2013 esse
1438 1976 1655 2012 necesse
1685 1966 1764 2010 est

351 2054 657 2109 Seminibus
675 2097 690 2126 ,
720 2075 915 2110 nexam
944 2076 1042 2131 per
1068 2076 1260 2127 venaS,
1289 2057 1521 2127 viscera,
1550 2074 1744 2110 nervos
1776 2075 1787 2107 :

350 2153 622 2224 Quatinus
650 2155 827 2207 omnis
857 2154 951 2208 ubi
979 2175 1008 2208 e
1039 2165 1154 2209 toto
1177 2156 1291 2229 jam
1321 2174 1548 2229 corpore
1578 2155 1762 2223 cessit,

351 2251 567 2306 Extima
594 2251 966 2307 membrorum
995 2253 1432 2307 circum-caesura
1459 2263 1641 2307 tamen
1671 2271 1727 2307 se

353 2348 690 2406 Incolumem
719 2363 971 2426 praestat,
1001 2373 1102 2407 nee
1132 2351 1262 2407 defit
1292 2351 1546 2427 ponderis
1572 2351 1746 2427 hilum
1778 2372 1789 2404 :

354 2446 519 2519 Quod
548 2468 718 2524 genus
747 2461 828 2503 est
857 2449 1055 2503 Bacchi
1086 2469 1256 2524 quum
1286 2449 1384 2503 flos
1413 2450 1663 2519 evanuit3
1693 2460 1787 2503 aut
1816 2467 1983 2523 quum

356 2547 590 2621 Spiritus
619 2547 885 2623 unguenti
913 2547 1091 2602 suavis
1122 2546 1337 2623 diffugit
1365 2548 1418 2601 in
1448 2567 1630 2616 auras;

360 2646 471 2699 Aut
499 2643 682 2720 aliquo
711 2664 882 2720 quum
903 2645 1017 2721 jam
1047 2666 1239 2700 succus
1268 2644 1334 2701 de
1362 2665 1587 2721 corpore
1615 2646 1796 2714 cessit3

358 2741 451 2799 Nil
481 2742 652 2799 oculis
682 2755 863 2798 tamen
892 2764 1006 2799 esse
1033 2745 1212 2798 minor
1239 2764 1324 2799 res
1353 2745 1468 2819 ipsa
1497 2742 1712 2798 videtur

359 2845 677 2918 Propterea,
712 2864 890 2919 neque
917 2843 1218 2899 detractum
1246 2843 1313 2897 de
1343 2841 1582 2918 pondere
1611 2842 1905 2918 quidquam
1935 2862 1948 2897 :

361 2942 637 2998 Nimirum
667 2943 794 3018 quia
822 2942 994 2999 multa
1023 2944 1340 3017 minutaque
1370 2942 1575 2998 semina
1605 2962 1793 2996 succos

362 3040 649 3112 Efficiunt,
679 3053 733 3097 et
760 3042 985 3098 odorem
1014 3044 1070 3097 in
1101 3053 1217 3098 toto
1247 3063 1474 3119 corpore
1504 3062 1705 3098 rerum.

363 3140 549 3212 Quare
579 3142 741 3196 etiam
769 3153 931 3217 atque
959 3143 1121 3197 etiam
1150 3142 1346 3198 mentis
1375 3153 1625 3197 naturam
1655 3141 1952 3214 animaeque

367 3240 513 3294 Scire
541 3238 667 3296 licet
696 3261 954 3318 perquam
985 3239 1234 3319 pauxillis
1264 3262 1376 3297 esse
1407 3252 1643 3298 creatam
