2320 3866
246 272 299 321 (v.
316 269 431 321 863.)
658 266 740 311 DE
775 262 997 309 RERUM
1032 261 1285 306 NATURA
1322 262 1432 306 LIB.
1469 263 1549 306 VI.
1864 260 1954 320 2⁷39

245 372 535 449 Multaque
563 381 692 426 sunt
720 367 862 445 ignis
894 386 1068 443 prope
1095 366 1304 423 semina
1333 386 1534 443 corpus
1562 364 1723 441 aquai
1752 385 1764 418 ε

242 474 388 528 Hinc
417 472 510 527 ubi
537 467 776 525 roriferis
804 478 1003 521 terram
1030 486 1138 521 nox
1166 466 1351 521 obruit
1379 466 1588 524 umbris
1606 507 1620 534 ,

165 588 171 593 ·
240 569 527 648 Extemplo
555 569 742 624 subtus
770 565 1014 642 frigescit
1045 578 1190 622 terra
1218 567 1436 642 coitque
1454 608 1468 637 ,

240 673 359 726 Hac
387 670 597 727 ratione
631 666 695 721 fit
722 677 814 737 ut,
847 678 1111 742 tanquam
1141 686 1450 741 compressa
1478 685 1645 720 manu
1679 665 1771 735 sit,

239 773 286 825 F
289 771 524 846 xprimat
555 768 612 823 in
643 765 849 821 sontem
877 787 1001 842 quae
1031 767 1257 822 semina
1267 785 1484 840 cunque
1514 764 1722 820 habet
1709 765 1876 840 lgniS,

239 871 376 942 Quae
403 867 636 925 calidum
666 865 878 922 faciunt
903 865 1078 921 laticis
1107 877 1309 941 tactum
1343 875 1508 939 atque
1532 884 1820 942 saporem

239 955 378 1024 Inde
406 947 500 1022 ubi
531 965 613 1022 sol
641 965 808 1021 radiis
842 978 1044 1022 terram
1078 964 1310 1020 dimovit
1338 963 1611 1033 ebortiS,

234 1069 304 1122 Et
333 1066 582 1123 rarefecit
611 1065 790 1123 calido
820 1067 1081 1122 miscente
1113 1085 1347 1142 vapore·
1334 1108 1349 1134 ‚

231 1168 442 1222 Rursus
474 1167 531 1222 in
565 1167 818 1243 antiquas
848 1165 1082 1222 redeunt
1111 1164 1415 1242 primordia
1450 1163 1602 1220 sedes

230 1267 381 1343 Ignis
412 1278 467 1322 et
496 1268 552 1323 in
579 1279 782 1323 terram
810 1266 956 1323 cedit
987 1264 1137 1322 calor
1166 1267 1344 1321 omnis
1376 1266 1538 1341 aquai
1570 1286 1581 1320 :

230 1365 486 1443 Frigidus
514 1367 659 1423 hanc
687 1367 759 1422 ob
785 1388 902 1423 rem
932 1366 995 1422 fit
1024 1366 1146 1422 fons
1176 1367 1232 1421 in
1261 1365 1382 1422 luce
1413 1352 1626 1421 diurna.

310 1467 606 1537 Praeterea,
638 1465 766 1523 solis
801 1466 969 1523 radiis
994 1467 1236 1543 jactatur
1263 1466 1428 1542 aquai

230 1568 463 1639 Humor,
494 1579 548 1624 et
581 1568 640 1624 in
673 1565 782 1622 luci
814 1565 1047 1623 tremulo
1077 1566 1306 1622 rarescit
1332 1565 1401 1620 ab
1433 1577 1598 1635 aestu3

232 1667 533 1743 Propterea
561 1667 625 1723 fit
656 1668 768 1738 uti,
799 1688 919 1744 quae
950 1667 1157 1722 semina
1187 1686 1405 1741 cunque
1435 1665 1603 1720 habet
1633 1664 1802 1742 igniS‚

227 1766 510 1839 Dimittat,
546 1768 702 1843 quasi
732 1787 874 1845 saepe
904 1765 1088 1844 gelum
1118 1764 1268 1843 quod
1295 1766 1541 1821 continet
1575 1766 1633 1820 in
1662 1786 1718 1821 se

226 1867 428 1938 Mittit,
471 1879 526 1924 et
567 1866 769 1924 exolvit
801 1867 1056 1945 glaciem,
1098 1866 1385 1943 nodosque
1414 1865 1637 1923 relaxat.

304 1966 561 2044 Frigidus
590 1979 670 2024 est
698 1969 863 2025 etiam
892 1968 1042 2039 fonS,
1076 1983 1244 2045 supra
1268 1988 1434 2044 quem
1458 1969 1560 2023 sita
1588 1988 1728 2045 saepe

229 2067 404 2142 Stupa
426 2066 562 2142 jacit
589 2067 834 2124 flammas
859 2080 1128 2145 concepto
1156 2069 1410 2146 protinus
1442 2069 1596 2145 igni;

225 2164 497 2242 Taedaque
525 2167 798 2223 consimili
828 2160 1042 2224 ratione
1071 2188 1297 2224 accensa
1326 2189 1425 2245 per
1455 2168 1630 2223 undas

226 2263 522 2339 Conlucet,
545 2275 890 2343 'quocunque
924 2269 1120 2325 natans
1152 2266 1454 2344 impellitur
1479 2257 1627 2323 auris
1657 2290 1669 2323 :

225 2364 504 2422 Nimirum
535 2367 665 2442 quia
695 2380 822 2423 sunt
854 2369 911 2423 in
941 2388 1078 2444 aqua
1106 2367 1390 2446 permulta
1421 2368 1639 2444 vaporis

224 2466 468 2539 Semina,
493 2466 561 2523 de
586 2479 840 2546 terraque
863 2490 1082 2526 necesse
1109 2474 1190 2526 est
1219 2468 1466 2525 funditus
1494 2470 1613 2546 ipsa

224 2565 372 2641 Ignis
402 2586 636 2643 corpora
665 2590 766 2645 per
795 2581 973 2642 totum
1003 2570 1332 2646 consurgere
1360 2569 1593 2639 fontem,

223 2665 296 2719 Et
326 2666 486 2722 simul
516 2671 790 2746 exspirare
818 2669 996 2742 foraS,
1031 2671 1290 2746 exireque
1319 2670 1377 2724 in
1405 2690 1600 2739 auraS‚

225 2763 354 2821 Non
384 2776 495 2822 tam
521 2769 645 2825 viva
676 2782 892 2839 tamen,
929 2768 1138 2826 calidus
1175 2781 1339 2846 queat
1376 2781 1439 2824 ut
1468 2768 1588 2824 fieri
1617 2768 1755 2825 fons.

304 2865 566 2923 Praeterea
585 2910 600 2938 ‚
636 2868 879 2947 dispersa
911 2870 1056 2926 foras
1087 2890 1377 2946 erumpere
1411 2871 1559 2945 cogit

228 2964 325 3019 Vis
356 2985 456 3041 per
482 2986 680 3043 aquam
707 2971 918 3042 subito,
949 2992 1276 3048 sursumque
1309 2991 1370 3025 ea
1406 2969 1687 3026 conciliari
1716 2992 1728 3025 :

226 3063 392 3135 Quod
426 3086 595 3143 genus
632 3069 863 3126 Aradius
903 3073 1075 3149 spirat
1105 3072 1227 3127 fons
1258 3069 1432 3126 dulcis
1461 3072 1647 3147 aquai,

225 3163 341 3236 Qui
373 3168 565 3239 scatit,
595 3179 651 3223 et
674 3167 839 3227 salsas
860 3173 1076 3229 circum
1108 3193 1164 3229 se
1200 3170 1444 3228 dimovet
1477 3171 1651 3227 undas
1685 3193 1696 3228 :

225 3267 293 3321 Et
321 3265 508 3323 multis
548 3267 666 3325 aliis
697 3272 901 3347 praebet
929 3260 1250 3351 regionibus
1285 3293 1473 3349 aequor
