2320 3866
463 282 519 329 24
528 279 552 327 l.
1043 271 1094 313 T.
1131 270 1419 314 LUCRETH
1457 268 1596 313 CARI
1946 265 1998 316 (v,
2022 281 2037 304 1
2046 280 2070 306 o
2080 282 2094 305 1
2103 270 2157 318 3.)

464 377 630 450 Quod
658 376 816 443 facit,
848 385 899 429 et
929 376 1192 449 sequitur,
1227 373 1395 429 donec
1423 370 1674 449 pervenit
1706 367 1775 424 ad
1804 370 1981 445 ipsum

462 481 581 532 Jam
611 474 870 551 lapidem,
903 473 1164 548 caecisque
1193 473 1250 526 in
1282 492 1346 527 eo
1373 469 1726 548 compagibus
1756 468 1927 524 haesit.

464 579 583 631 Hoc
616 574 678 629 fit
709 575 840 629 item
873 583 1093 628 cunctas
1126 572 1183 626 in
1210 583 1417 647 partes,
1447 570 1592 626 unde
1619 567 1811 625 vacefit
1855 608 1857 611 ψ

465 678 695 750 Cunque
730 672 915 744 locUS,
948 672 1058 727 sive
1085 691 1150 727 ex
1185 658 1521 740 transverso,
1556 671 1669 725 sive
1700 687 1969 744 superne3

467 778 713 850 Corpora
741 773 1000 828 continuo
1030 771 1086 825 in
1117 790 1349 825 vacuum
1384 770 1563 824 vicina
1594 768 1848 824 feruntur
1878 787 1890 821 :

467 875 684 949 Quippe
710 873 986 949 agitantur
1015 870 1161 925 enim
1194 868 1366 945 plagis
1397 867 1641 937 aliunde,
1671 879 1770 922 nec
1805 867 1923 941 ipsa

468 976 675 1049 Sponte
709 992 804 1026 sua
839 990 1054 1025 sursum
1081 980 1310 1045 possunt
1337 986 1663 1043 consurgere
1692 968 1747 1021 in
1783 985 1960 1020 auraS.

467 1075 588 1126 Huc
620 1069 832 1124 accedit
866 1069 1026 1135 item,
1054 1085 1224 1140 quare
1254 1076 1418 1140 queat
1450 1064 1504 1117 id
1535 1066 1706 1140 magis
1737 1079 1880 1135 esse;

467 1172 595 1224 Haec
625 1185 843 1243 quoque
877 1185 964 1219 res
998 1163 1339 1239 adjumento,
1368 1174 1628 1236 motuque
1683 1150 1925 1238 juvatur,

468 1266 638 1341 Quod
669 1254 828 1321 simul
862 1285 894 1319 a
922 1264 1102 1319 fronte
1133 1275 1214 1319 est
1246 1261 1446 1317 annelli
1476 1263 1654 1318 rarior
1682 1281 1775 1318 aer

470 1371 698 1438 FactUS,
733 1365 1081 1440 inanitusque
1115 1361 1267 1418 locus
1303 1363 1474 1439 magis
1507 1381 1569 1417 ac
1600 1373 1894 1433 vacuatus3

472 1467 751 1523 Continuo
781 1464 874 1536 fit,
909 1465 991 1519 uti
1025 1463 1120 1539 quiv
1149 1473 1274 1538 post
1303 1474 1384 1517 est
1414 1482 1630 1539 cunque
1660 1460 1869 1517 locatus

472 1569 600 1636 Aer,
636 1586 669 1620 a
703 1576 858 1640 tergo
894 1563 1047 1639 quasi
1083 1562 1351 1637 provehat
1382 1573 1546 1637 atque
1577 1560 1847 1638 propellat
1881 1583 1894 1616 ε

476 1668 699 1741 Semper
733 1665 879 1719 enim
912 1663 1118 1717 circum
1149 1662 1358 1738 positus
1387 1682 1472 1717 res
1506 1662 1753 1718 verberat
1782 1682 1872 1717 aer
1907 1683 1918 1716 :

478 1764 586 1821 Sed
617 1762 713 1820 tali
742 1763 803 1818 fit
832 1762 913 1817 uti
943 1759 1216 1838 propellat
1248 1773 1492 1838 tempore
1525 1762 1757 1831 ferrum,

476 1868 636 1920 Parte
665 1862 812 1940 quod
839 1883 905 1917 ex
937 1882 1042 1918 una
1076 1862 1310 1938 spatium
1342 1873 1527 1933 vacat,
1565 1873 1620 1916 et
1651 1860 1797 1936 capit
1827 1861 1882 1914 in
1915 1879 1970 1915 se
2005 1881 2016 1913 :

476 1964 583 2021 Hic
615 1964 738 2034 ubi,
764 1983 930 2039 quem
962 1983 1236 2033 memor0,
1260 1982 1358 2038 per
1385 1961 1574 2016 crebra
1606 1960 1874 2016 foramina
1903 1959 2031 2015 ferri
2064 1970 2145 2013 est

479 2066 681 2117 Parvas
711 2061 781 2117 ad
808 2072 990 2138 partes
1019 2059 1288 2116 subtiliter
1317 2061 1652 2132 insinuatus,
1679 2039 1684 2043 β
1920 2135 1925 2139 ¹

479 2161 676 2216 Trudit
711 2173 766 2216 et
798 2159 1053 2238 impellit,
1087 2161 1243 2236 quasi
1274 2161 1455 2215 navim
1487 2159 1714 2236 velaque
1746 2170 1958 2216 ventus

562 2262 816 2337 Denique
848 2281 932 2316 res
963 2280 1150 2316 omnes
1184 2259 1386 2316 debent
1418 2261 1476 2315 in
1503 2254 1743 2337 corpore
1763 2260 1965 2339 habere

483 2362 624 2418 Aera
643 2404 656 2430 ,
692 2359 1135 2435 quandoquidem
1162 2381 1288 2415 raro
1319 2372 1447 2416 sunt
1471 2380 1730 2437 corpore,
1761 2373 1816 2415 et
1846 2380 1938 2415 aer

487 2459 758 2516 Omnibus
791 2470 873 2514 est
900 2458 1071 2513 rebus*
1096 2459 1463 2518 circumdatus
1493 2461 1917 2537 appositusque'3

485 2560 588 2614 Hic
620 2559 807 2636 igitur,
838 2558 1054 2634 penitus
1087 2559 1183 2634 qui
1218 2558 1277 2612 in
1305 2557 1450 2613 ferro
1486 2571 1566 2614 est
1597 2557 1814 2614 abditus
1847 2578 1956 2629 aer,

489 2656 733 2714 Sollicito
762 2668 917 2713 motu
949 2677 1160 2734 semper
1181 2656 1439 2732 jactatur,
1468 2678 1640 2734 eoque

488 2756 760 2812 Verberat
789 2754 1067 2811 annellum
1099 2754 1265 2811 dubio
1294 2756 1510 2833 procul,
1545 2769 1598 2812 et
1623 2758 1727 2812 ciet
1758 2758 1906 2812 intus

492 2854 738 2927 Scilicet,
769 2868 932 2932 atque
962 2855 1152 2912 eodem
1179 2855 1370 2927 fertur,
1399 2877 1508 2932 quo
1543 2857 1902 2934 praecipitavit

490 2957 610 3010 Jam
640 2954 833 3027 semel,
866 2968 920 3011 et
948 2976 1279 3033 quamquam
1310 2957 1365 3011 in
1395 2969 1606 3032 partem
1637 2957 1921 3012 conamina
1954 2955 2196 3031 sumpsit.

573 3055 663 3109 Fit
690 3075 910 3131 quoque
938 3068 1001 3111 ut
1030 3076 1059 3110 a
1091 3054 1270 3132 lapide
1302 3056 1408 3111 hoc
1438 3055 1566 3111 ferri
1598 3068 1797 3111 natura
1824 3054 2072 3120 recedat,

493 3153 777 3208 Interdum
812 3154 1000 3232 fugere
1031 3168 1194 3231 atque
1225 3157 1378 3231 sequi
1411 3168 1669 3212 consueta
1697 3156 1932 3212 vicissim
1962 3175 1974 3209 ε

495 3250 783 3307 Exsultare
816 3255 978 3309 etiam
1011 3255 1384 3311 Samothracia
1418 3255 1592 3311 ferrea
1620 3254 1759 3327 vidi,
