2320 3866
417 278 509 323 266
1031 275 1515 323 ADNOTATIONES

485 372 687 420 Concilio
711 370 773 435 (v.
802 370 929 435 485).
957 374 1027 417 De
1049 372 1190 431 hujus
1214 373 1342 418 vocis
1365 389 1501 418 sensu
1528 372 1623 417 vid.
1657 374 1857 433 vv.183,
1887 377 1991 432 184.

487 450 588 496 Sibi
605 465 699 509 per
716 464 768 493 se
788 446 807 512 (
817 465 860 493 v.
889 446 1023 512 507).
1046 448 1300 493 «Arbitror
1329 448 1456 510 istud
1477 449 1567 494 sibi
1588 449 1884 511 jungendum
1906 468 2001 498 esse
2017 470 2122 500 cum

415 542 490 581 se,
517 527 589 570 uti
619 525 840 570 dicebant
854 541 982 569 meus
1009 525 1148 579 mihi,
1174 535 1281 569 tuus
1296 522 1406 579 tibi,
1437 541 1544 569 suus
1560 526 1672 580 sibi,
1706 535 1793 571 etc.
1812 561 1824 584 ,
1851 543 1942 587 pro
1969 544 2026 574 eo
2041 532 2124 591 qui

415 602 613 647 maxime
635 601 858 661 proprius
879 610 926 646 et
951 604 1175 656 ίδιαὶτατος
1202 608 1345 658 esset3
1371 603 1581 662 exempla
1603 617 1628 647 e
1650 604 1814 648 Plauto
1835 611 1884 648 et
1904 606 2124 652 Terentio

414 678 513 739 peti
535 686 746 738 possunt.
765 698 784 719 »
810 679 987 723 Fiam.

485 754 708 800 Gem'tis...
741 755 879 798 inane
907 764 977 798 est
994 750 1067 816 (v.
1107 749 1242 816 512).
1273 753 1456 799 Wakef.
1486 769 1585 799 non
1614 754 1710 801 sine
1740 757 1892 817 specie
1919 758 2126 805 veritatis

417 830 608 889 conjicit
632 847 643 875 :
662 831 867 891 genitum
896 840 969 874 est
996 830 1044 874 in
1067 830 1199 874 rebus
1222 830 1375 874 inane.

481 908 648 952 Rerum
679 904 751 970 (v.
788 904 924 969 518).
955 906 1067 951 Non
1102 906 1244 950 video
1280 921 1422 966 quem
1455 905 1680 952 idoneum
1714 925 1897 955 sensum
1924 911 2128 974 vulgaris

416 984 511 1029 haec
535 983 674 1029 lectio
706 983 925 1043 praebeat,
955 982 1139 1027 Wakef.
1167 982 1317 1043 edidit
1348 993 1529 1027 tectum.

483 1061 604 1104 Esse
623 1068 803 1103 oetema
825 1068 988 1118 potest
1010 1055 1082 1120 (v.
1120 1056 1213 1101 52ο
1225 1055 1257 1119 ).
1290 1047 1437 1115 Quia,
1459 1066 1513 1103 ut
1545 1075 1687 1119 supra
1716 1062 1896 1108 dictum
1924 1074 2018 1122 est,
2051 1082 2127 1110 vv.

420 1135 534 1191 484,
568 1132 660 1188 485
698 1151 709 1177 :

651 1279 662 1289 .
685 1280 695 1288 .
713 1280 722 1288 .
745 1279 756 1289 .
780 1250 878 1299 Quae
895 1255 987 1288 sunt
1007 1261 1138 1287 rerum
1159 1247 1400 1301 primordia,
1416 1247 1526 1296 nulla
1544 1256 1670 1302 potest
1687 1251 1742 1290 vis

587 1317 805 1370 stringere3
827 1329 919 1356 nam
936 1315 1061 1356 solido
1075 1315 1241 1356 vincunt
1261 1329 1307 1356 ea
1327 1330 1492 1370 corpore
1511 1316 1682 1358 demum.

485 1432 624 1484 Coeciz
666 1435 738 1501 (v.
779 1435 918 1500 522).
967 1436 1042 1482 Sic
1070 1438 1231 1498 vulgo.
1264 1437 1451 1482 Wakef.
1482 1453 1540 1482 ex
1584 1438 1772 1498 optimis
1811 1440 1941 1486 libris
1974 1442 2049 1487 hic
2088 1452 2134 1488 et

416 1531 459 1561 v.
493 1514 584 1573 527
623 1514 803 1574 recepit
839 1524 987 1568 certa;
1016 1522 1163 1558 certus
1196 1522 1353 1558 autem
1393 1514 1495 1572 hic,
1527 1523 1581 1558 ut
1611 1531 1684 1572 vx,
1720 1516 1810 1573 783
1850 1527 1896 1562 et
1935 1518 2074 1577 alibi,
2107 1536 2130 1564 a

417 1592 615 1653 simplici
633 1592 827 1653 quidam
848 1606 948 1635 non
970 1589 1164 1635 differre
1185 1590 1390 1635 videtur.
1466 1626 1472 1633 .

482 1670 687 1714 Alternis
715 1665 784 1731 (v.
814 1664 948 1730 525).
974 1667 1033 1711 Id
1055 1675 1123 1711 est
1151 1666 1427 1711 alternatim.

485 1744 555 1809 (v.
583 1743 720 1808 529.)
737 1745 970 1805 Epicurus
987 1743 1047 1788 ad
1061 1743 1292 1789 Herodot.
1310 1778 1322 1800 ,
1338 1746 1361 1798 5
1379 1749 1433 1797 41
1449 1777 1462 1799 ‚
1487 1742 1653 1788 definit
1669 1752 1850 1790 atomos
1873 1762 1884 1790 ε
1908 1743 1927 1809 (
1937 1744 2134 1810 σώματα)

420 1830 545 1886 πλήρη
576 1830 647 1876 τὴν
672 1830 782 1885 φύσιν
808 1828 905 1870 ὅντα
927 1826 997 1870 καὶ
1026 1828 1095 1868 οὐκ
1130 1827 1276 1881 ἔχοντα
1301 1826 1378 1871 ὅπη
1404 1827 1430 1874 ἢ
1455 1826 1560 1875 ὅπως
1582 1822 1884 1873 διαλυθήσεται,

483 1897 554 1962 (v.
581 1897 717 1961 541.)
743 1897 792 1943 Si
820 1897 972 1957 prima
994 1911 1155 1942 rerum
1177 1895 1353 1940 semina
1378 1895 1625 1961 interirent
1638 1912 1722 1942 seu
1745 1897 2136 1955 dissolverentur,

417 1975 467 2020 in
487 1975 683 2019 nihilum
707 1973 971 2018 reciderent
994 1989 1005 2017 :
1028 1974 1156 2018 nulla
1182 1972 1307 2017 enim
1330 1981 1439 2018 sunt
1459 1972 1623 2032 pridra
1650 1975 1814 2034 primis
1834 1974 2067 2034 principia
2087 1976 2137 2020 in

418 2066 522 2111 quae
554 2052 724 2095 resolvi
753 2049 950 2109 possint.
983 2049 1197 2108 Ideoque
1226 2064 1300 2093 res
1336 2049 1551 2109 quotidie
1574 2059 1694 2095 natae
1723 2066 1748 2096 e
1770 2051 1919 2096 nihilo
1951 2052 2137 2097 oriren-

417 2136 508 2172 tur.
532 2128 726 2171 AEterna
750 2125 896 2187 igitur
925 2141 1021 2170 esse
1046 2125 1247 2182 semina,
1275 2126 1351 2170 vel
1380 2141 1456 2171 res
1480 2141 1506 2170 e
1537 2125 1685 2172 nihilo
1716 2127 1857 2186 oriri,
1891 2143 1990 2188 quo
2021 2129 2138 2174 nihil

418 2202 668 2248 absurdius
698 2202 791 2247 dici
821 2217 958 2262 posse
984 2201 1256 2261 philosophi
1283 2201 1587 2247 crediderunt
1602 2237 1615 2260 ,
1645 2204 1932 2250 concedatur
1953 2220 2139 2251 necesse

420 2288 501 2325 est.
537 2279 770 2340 Epicurus
807 2278 870 2323 ad
902 2278 1161 2336 Herodot.,
1194 2281 1218 2335 S
1257 2285 1311 2333 41
1355 2295 1365 2322 :
1404 2290 1549 2329 'raon
1586 2282 1636 2329 δὲ
1668 2277 1750 2343 (τὰ
1790 2278 1994 2345 σώματά)
2030 2290 2135 2331 ἐστιν

421 2363 583 2419 ἄτομα,
617 2361 687 2405 καὶ
718 2363 1014 2418 ἀμετάβλητα,
1058 2362 1165 2419 εἴπερ
1202 2363 1257 2419 μὴ
1294 2364 1427 2419 μέλλει
1463 2364 1604 2406 πάντα
1637 2364 1689 2412 εἰς
1714 2365 1759 2406 τὸ
1792 2365 1847 2421 μὴ
1884 2364 1923 2406 ὃν
1947 2365 2139 2422 φθαρήσε-

422 2443 534 2491 σθαι,
563 2440 647 2481 ἀλλ’
672 2439 863 2494 ἰσχύοντα
895 2440 1105 2493 ὑπομένειν
1134 2439 1170 2479 ἐν
1198 2440 1287 2487 ταῖς
1309 2435 1521 2481 διαλύσεσι
1539 2446 1617 2483 τῶν
1651 2442 1905 2498 συγκρίσεων.

487 2509 692 2553 Dissolvi
704 2523 817 2568 quo,
834 2516 921 2552 etc.
941 2505 1005 2570 (v.
1025 2505 1154 2569 547).
1180 2509 1237 2552 In
1252 2523 1356 2567 quae
1373 2509 1530 2554 omnia
1551 2526 1765 2571 supremo
1788 2520 1991 2570 tempore
2017 2507 2071 2573 (i.
2096 2526 2135 2555 e.

422 2601 569 2645 quum
598 2581 866 2647 intereunt)
892 2584 1226 2628 dissolvuntur.

490 2658 553 2724 (v.
584 2658 720 2724 548.)
748 2661 1055 2721 Suppeditare
1075 2660 1322 2705 Lucretius
1338 2661 1502 2722 saepius
1518 2663 1728 2708 absolute
1758 2662 1894 2722 ponit
1916 2678 2006 2722 pro
2020 2679 2139 2724 sup-

421 2748 591 2797 petere.

487 2815 693 2858 Reddita
724 2811 787 2876 (v.
808 2811 944 2876 562).
973 2815 1011 2858 Ι.
1043 2829 1082 2858 e.
1117 2814 1260 2867 data,
1289 2816 1463 2873 posita.

487 2892 554 2935 Et
557 2892 726 2949 finita,
753 2900 838 2936 etc.
866 2889 929 2955 (v.
950 2889 1041 2945 564
1055 2888 1087 2954 ).
1110 2890 1329 2936 Videmus
1346 2900 1471 2936 certa
1492 2891 1684 2952 singulis
1709 2906 1867 2936 rerum
1890 2891 2140 2953 generibus

423 2978 637 3028 tempora
665 2968 914 3026 constitui,
946 2968 1141 3028 quibus,
1176 2977 1261 3012 etc.

492 3042 566 3108 (v.
609 3042 747 3106 569.)
787 3047 988 3090 Versum
1031 3046 1184 3103 hunc,
1217 3059 1357 3105 quem
1374 3079 1386 3101 ‚
1430 3052 1484 3088 ut
1530 3044 1882 3104 importunum,
1923 3042 2140 3089 nonnulli

425 3121 737 3165 amovendum
768 3137 863 3166 esse
898 3130 1109 3180 censent,
1132 3121 1198 3168 sic
1230 3121 1567 3181 interpretatur
1595 3121 1780 3167 Wakef.
1810 3137 1822 3165 z
1857 3140 1877 3162 α
1895 3123 2141 3177 Quocum-

426 3212 517 3255 que
548 3198 738 3243 tandem
764 3207 906 3258 pacto
938 3200 1007 3244 hae
1034 3215 1108 3245 res
1125 3199 1287 3245 molles
1307 3198 1508 3244 existant
1523 3232 1536 3256 ,
1560 3206 1606 3244 et
1628 3211 1925 3259 quacumque
1953 3195 2140 3240 demum

426 3272 472 3315 vi
504 3273 691 3334 negotia
721 3289 881 3319 earum
905 3276 1153 3337 omnigena
1179 3273 1576 3321 administrentur.
1601 3294 1620 3315 »
