2320 3866
17 551 30 565 2
0 419 49 529 ³317.

858 285 926 329 IN
960 283 1337 330 LUCRETIUM.
1855 292 1947 352 329

312 380 480 426 Versus
516 380 663 439 56-57
690 395 715 426 e
736 380 839 425 libr.
861 394 916 436 v,
941 391 985 423 v,
1012 378 1165 439 83-91
1191 379 1249 424 ab
1279 379 1367 425 alia
1393 394 1534 441 quam
1565 382 1771 427 Lucretii
1806 398 1948 431 manu

240 453 317 499 hic
338 455 562 515 repetitos
585 465 739 502 censet
759 453 999 516 Forbiger.

308 532 528 577 Putando
559 530 621 596 (v.
651 530 745 595 68).
771 530 951 578 Wakef.
976 530 1176 577 restituit
1198 547 1210 576 ε
1228 541 1419 592 putare,
1454 532 1589 593 quod
1619 534 1768 579 multo
1800 536 1945 597 magis

242 607 587 653 Lucretianum.
1536 664 1542 669 ,

306 685 446 729 Ratio
469 685 711 730 verissima
737 679 799 745 (v.
827 680 921 746 79).
946 682 1137 742 Epicuri
1164 682 1385 727 nimirum
1407 683 1634 729 doctrina.

308 759 369 824 (v.
396 759 494 823 85.)
517 760 650 807 Ordo
672 764 740 803 est
764 774 775 802 ε
802 759 873 804 Ne
902 775 1056 804 amens
1079 757 1098 822 ζ
1108 759 1139 804 i.
1164 774 1202 804 e.
1228 758 1369 803 animi
1385 758 1723 823 consternatus)
1734 760 1946 821 partibus

239 836 343 881 coeli
375 836 533 884 divisis
563 833 766 894 trepides
803 832 856 898 (i.
881 850 921 880 e.
955 826 1292 879 tremebundus
1316 834 1491 894 cogites
1515 843 1657 895 atque
1689 834 1947 899 inquiras),

222 912 365 981 'unde
393 911 533 974 ignis,
564 918 649 955 etc.

301 988 519 1032 Partibus
544 986 653 1030 coeli
677 985 847 1030 divtis-ck.
870 985 975 1031 Hoc
996 984 1201 1045 pertinet
1223 968 1291 1029 ad.
1304 985 1609 1029 Etruscorum
1635 985 1948 1046 disciplinam,

235 1064 296 1109 de
319 1078 414 1124 qua
435 1062 554 1119 Cic„
578 1063 638 1106 de
658 1062 838 1115 Divite„
866 1077 935 1118 11,
965 1061 1021 1106 18
1049 1077 1061 1105 ε
1094 1081 1113 1101 «
1131 1061 1310 1106 Coelum
1334 1059 1384 1105 in
1405 1075 1498 1105 xvr-
1512 1069 1668 1120 partes
1692 1062 1950 1108 diviserunt

237 1138 437 1184 Etrusci.
461 1138 616 1185 Facile
637 1138 689 1183 id
711 1137 902 1198 quidem
927 1137 1016 1182 fuit
1024 1172 1038 1195 ,
1070 1146 1290 1198 quatuor,
1315 1151 1432 1197 quas
1460 1153 1548 1182 nos
1572 1138 1829 1196 habemus,
1854 1140 1947 1184 du-

230 1214 434 1274 plicare;
461 1223 571 1275 post
604 1213 926 1259 idemiterum
954 1214 1130 1271 facere,
1155 1221 1210 1258 ut
1231 1228 1290 1258 ex
1313 1228 1370 1258 eo
1393 1213 1627 1271 dicerent,
1656 1215 1834 1260 fuhuen
1856 1231 1949 1276 qua

237 1306 294 1336 ex
315 1300 450 1351 parte
470 1289 683 1335 venisset.
702 1310 722 1331 »

301 1367 457 1412 Calcis
490 1364 552 1430 (v.
593 1364 689 1431 91).
726 1368 892 1412 «Hanc
926 1381 1067 1427 quam
1099 1381 1225 1410 nunc
1261 1381 1310 1409 in
1345 1365 1471 1411 circo
1501 1374 1669 1411 metam
1705 1380 1947 1424 vocamus,

230 1444 402 1489 calcem
428 1442 611 1504 antiqui
640 1442 913 1488 dicebant.»
948 1444 1151 1501 Smmc„
1175 1443 1266 1502 Ep.
1292 1457 1430 1487 cvln.
1466 1443 1644 1488 Wakef.
1681 1459 1706 1489 e
1736 1444 1946 1504 plurimis

230 1520 363 1566 libris
385 1519 532 1565 edidit
559 1520 708 1564 callis.

301 1597 572 1642 Carbasus...
598 1596 775 1640 intenta
802 1595 997 1645 theatris
1020 1592 1082 1657 (v.
1112 1593 1234 1655 108).
1260 1615 1280 1636 «
1307 1595 1557 1641 Carbasina
1575 1596 1678 1640 vela
1698 1595 1876 1655 primus
1898 1596 1948 1641 in

228 1672 459 1717 theatrum
483 1670 670 1716 duxisse
691 1670 894 1716 traditur
915 1671 1141 1715 Lentulus
1166 1670 1389 1730 Spinther
1404 1670 1756 1731 Apollinaribus
1777 1672 1913 1718 ludis.
1928 1692 1947 1713 »

229 1751 394 1805 Pium,
421 1751 480 1794 H.
506 1750 595 1802 N.,
620 1763 729 1804 xlx,
758 1764 795 1791 1.

293 1826 452 1869 Malos
480 1825 599 1868 inter
616 1821 679 1886 (v.
711 1821 834 1886 109).
857 1824 979 1869 Nam
1003 1823 1065 1868 ob
1087 1822 1181 1868 loci
1206 1822 1397 1868 nimiam
1420 1823 1775 1885 amplitudinem
1799 1824 1944 1884 traje-

226 1901 310 1947 ctis
338 1902 469 1946 malis
493 1901 596 1946 vela
618 1900 996 1946 intendebantur.

296 1978 653 2022 Commeditatur
670 1974 731 2040 (v.
763 1993 813 2022 11
828 1974 886 2040 1).
918 1977 1095 2022 Eadem
1144 1978 1417 2038 metaphora
1463 1993 1574 2023 usus
1596 1986 1665 2023 est
1700 1977 1946 2035 Horatius,

235 2054 353 2106 od„
381 2069 456 2110 iv,
488 2061 569 2110 14,
595 2050 692 2097 25:

490 2167 555 2207 Sic
577 2166 812 2207 tauriformis
831 2165 999 2208 volvitur
1018 2166 1184 2206 Aufidus

490 2236 568 2288 Qui
590 2249 711 2288 regna
729 2235 861 2275 Dauni
879 2234 1050 2289 praefluit
1064 2234 1233 2290 Appuli,

440 2308 442 2310 ’
547 2307 680 2356 Quum
701 2304 828 2353 saevit,
850 2303 1167 2356 horrendamque
1185 2303 1298 2344 cultis

604 2373 798 2413 Diluviem
817 2372 1028 2414 meditatur
1049 2372 1162 2426 agris.

296 2483 502 2544 Corpori'
526 2493 722 2529 tractum
753 2483 814 2546 (v.
845 2500 864 2528 1
879 2481 968 2548 17).
999 2483 1150 2528 Faber
1179 2481 1304 2541 conj.
1328 2489 1523 2542 corpora
1545 2483 1725 2527 tractim
1750 2491 1796 2528 et
1824 2483 1943 2528 hanc

228 2559 599 2606 emendationem
627 2561 877 2606 rectissime
901 2560 1079 2620 recepit
1100 2559 1283 2605 Wakef.

294 2635 357 2699 (v.
388 2635 515 2700 128.)
544 2637 794 2696 Adjectivo
814 2637 1177 2697 perterricrepus
1207 2636 1323 2701 alius
1358 2634 1495 2680 etiam
1533 2635 1770 2696 antiquior
1802 2644 1944 2696 poeta

232 2713 360 2773 apud
382 2713 475 2759 Cic.
489 2748 503 2772 ,
522 2715 599 2760 Or.
609 2747 626 2769 ,
647 2720 706 2774 49
720 2749 733 2771 ‚
748 2730 858 2760 usus
883 2722 969 2770 est,
989 2729 1131 2773 quem
1145 2712 1329 2758 Planck.
1354 2712 1416 2757 ad
1437 2712 1576 2757 Ennii
1591 2714 1722 2757 Med.
1733 2744 1749 2767 ‚
1767 2728 1814 2774 p.
1839 2719 1943 2771 124,

229 2790 354 2834 hunc
376 2788 530 2849 ipsum
560 2789 763 2836 Ennium
785 2789 924 2837 fuisse
948 2789 1102 2834 docet.

299 2865 439 2910 Cauri
459 2862 519 2926 (v.
549 2863 672 2929 134).
698 2867 876 2911 Caurus
904 2866 964 2911 ab
990 2880 1157 2910 occasu
1181 2873 1337 2909 aestivo
1359 2863 1517 2923 spirat.

296 2943 475 3002 Magno
498 2943 701 2987 clamore
722 2944 915 2988 trucidet
938 2941 998 3006 (v.
1024 2939 1146 3005 146).
1171 2943 1207 2986 Ι.
1233 2958 1270 2986 e.
1295 2956 1466 3003 magno
1499 2957 1605 2986 cum
1638 2940 1837 2987 stridore
1861 2955 1942 2986 ex-

229 3017 447 3079 stinguat.

301 3094 463 3139 Sm'dit
483 3090 546 3156 (v.
575 3090 698 3156 148).
724 3094 911 3152 Horat.,
934 3094 1029 3140 Sat.
1059 3109 1126 3150 11,
1151 3093 1206 3149 3,
1234 3108 1290 3150 77
1321 3109 1330 3137 :

407 3238 418 3249 .
441 3239 452 3249 .
473 3238 485 3249 .
510 3238 521 3248 .
543 3210 646 3248 Tum
661 3207 762 3248 lecto
777 3207 819 3248 in
835 3221 991 3263 quoque
1013 3207 1165 3248 videres

405 3276 579 3318 Str-idere
596 3286 741 3319 secreta
762 3278 902 3319 divisos
924 3289 1018 3318 aure
1033 3290 1219 3318 susurros.
