2340 3926
251 263 305 313 (v.
325 262 430 314 890)
677 261 760 304 DE
796 256 1020 302 RERUM
1053 258 1306 302 NATURA
1341 257 1453 300 LIB.
1493 258 1528 301 Ι.

247 367 554 434 Postremo,
583 363 639 429 in
668 359 828 436 lignis
858 360 1095 414 cinerem
1125 359 1445 435 fumumque
1474 359 1671 430 videri,

159 473 163 475 ’
246 464 435 535 Quum
462 459 743 538 praefracta
768 458 978 528 forent,
1009 459 1268 534 ignesque
1296 457 1465 528 latere
1493 460 1747 513 minutos

246 563 497 634 Quorum
524 557 600 614 nil
629 558 746 615 fieri
776 558 1035 633 quoniam
1065 557 1348 613 manifesta
1377 557 1536 613 docet
1563 577 1677 629 reS,

203 648 209 652 ’
246 661 394 715 Scire
414 658 542 713 licet
570 677 681 711 non
711 677 826 713 esse
854 657 911 731 in
941 657 1104 712 rebus
1134 678 1219 712 res
1250 658 1326 712 ita
1355 658 1541 713 mistas
1565 678 1579 725 ;

242 759 447 814 Verum
475 755 678 811 semina
706 753 1043 811 multimodis
1072 757 1308 811 immista
1338 756 1506 826 latere

240 853 541 917 Multarum
569 874 754 909 rerum
783 856 840 909 in
859 855 1030 919 „rebus
1058 855 1369 928 communia
1399 854 1611 927 debent.

315 955 387 1010 At
414 973 552 1029 saepe
580 954 636 1008 in
667 954 877 1030 magnis
907 953 969 1009 fit
997 954 1301 1027 montibus,
1332 954 1536 1029 inquiS‚
1566 964 1628 1008 ut
1659 952 1780 1009 altis

221 1051 531 1109 ‘Arboribus
563 1053 743 1108 vicina
774 1053 1065 1132 cacumina:
1084 1073 1297 1109 summa
1324 1065 1576 1108 terantur

234 1154 386 1207 Inter
413 1172 468 1207 se
484 1195 500 1224 ,
530 1151 722 1208 validis
750 1152 926 1225 facere
956 1152 1013 1208 id
1041 1153 1361 1232 cogentibus
1390 1155 1606 1211 Austris

234 1252 423 1306 Donec
448 1250 719 1307 fulserunt
747 1251 1009 1322 flammae,
1039 1242 1251 1328 fulgore
1282 1264 1471 1308 coorto
1503 1275 1515 1307 :

236 1348 480 1420 Scilicet,
510 1363 564 1405 et
594 1371 706 1406 non
722 1363 815 1406 -est
840 1348 1000 1427 lignis
1030 1364 1213 1407 tamen
1242 1353 1435 1407 insitus
1462 1354 1630 1429 ignis;

235 1451 446 1506 Verum
475 1451 683 1524 semina
709 1463 837 1506 sunt
865 1449 1074 1506 ardoris
1104 1450 1309 1525 multa,
1330 1451 1560 1507 terendo

236 1550 375 1621 Quae
403 1569 575 1624 quum
603 1549 946 1629 confluxere,
978 1561 1166 1604 creant
1194 1549 1445 1605 incendia
1473 1550 1636 1606 silvis,

234 1646 402 1719 Quod
432 1649 474 1703 si
502 1659 656 1702 tanta
684 1646 825 1702 foret
855 1646 1002 1702 silvis
1031 1628 1350 1730 abscqndita
1368 1648 1620 1725 flamma⁷

232 1747 361 1803 Non
389 1758 609 1823 possent
639 1745 819 1801 ullum
845 1759 1062 1823 tempus
1092 1745 1318 1822 celarier
1346 1748 1524 1825 ignes;

231 1845 579 1901 Conficerent
605 1844 773 1924 vulgo
805 1844 992 1917 silvas,
1020 1847 1244 1904 arbusta
1273 1861 1594 1904 cremarent.

305 1947 500 2001 Jamne
529 1934 878 2023 vides'igitur
895 1990 910 2019 ‚
929 1945 1107 2024 ¹paulo
1137 1949 1288 2027 quod
1317 1948 1554 2005 diximus
1584 1962 1705 2006 ante
1729 1994 1743 2014 ‚

228 2046 519 2122 Permagni
546 2045 748 2102 referre
764 2089 779 2114 ,
809 2046 998 2102 eadem
1028 2026 1330 2124 primordia
1357 2069 1497 2125 saepe

231 2145 372 2202 Cum
400 2145 630 2220 quibus'‚
660 2158 714 2200 et
745 2145 893 2221 quali
923 2148 1170 2223 positura
1198 2149 1616 2216 contineantur3

230 2246 300 2298 Et
334 2263 471 2318 quos
499 2244 642 2298 inter
670 2265 730 2299 se
758 2244 889 2299 dent
918 2240 1146 2316 motus'7'
1166 2246 1548 2321 accipiantque
1579 2266 1592 2299 ε

228 2343 409 2416 Atque
426 2341 631 2397 eadem
660 2342 825 2418 paulo
854 2344 998 2398 inter
1025 2333 1080 2399 se
1109 2356 1320 2398 mutata
1349 2342 1533 2399 creare

227 2444 387 2518 Ignes
417 2461 447 2496 e
472 2422 634 2518 lignis
666 2463 678 2496 ε
712 2462 826 2518 quo
856 2454 1017 2517 pacto
1045 2442 1212 2497 verba
1241 2462 1461 2519 quoque
1490 2443 1608 2520 ipsa

225 2543 378 2597 Inter
405 2561 461 2598 se
489 2538 656 2618 paulo
680 2542 902 2596 mutatis
933 2553 1063 2597 sunt
1091 2540 1371 2598 elementis
1387 2584 1402 2613 ‚

227 2641 418 2714 Quum
443 2640 601 2718 ligna
629 2652 793 2717 atque
823 2642 978 2718 ignes
1007 2640 1264 2697 distincta
1290 2662 1425 2698 voce
1453 2654 1721 2699 notemus,

306 2743 559 2819 Denique
582 2742 697 2818 jam
726 2761 1064 2818 quaecunque
1093 2743 1151 2797 in
1179 2742 1343 2798 rebus
1373 2743 1549 2798 cernis
1579 2742 1780 2819 apertis
1796 2785 1810 2814 7
1878 2785 1884 2790 .

229 2840 287 2896 Si
312 2839 428 2896 fleri
453 2863 564 2899 non
593 2862 750 2919 posse
779 2854 974 2921 putaS,
1006 2843 1141 2918 quin
1170 2842 1415 2898 materiai

229 2942 477 3016 Corpora
503 2940 770 2999 consimili
799 2953 998 2997 natura
1025 2941 1253 3018 praedita
1283 2941 1454 3018 fingas
1473 2983 1487 3012 ‚

228 3041 344 3094 Hac
374 3040 584 3095 ratione
611 3041 710 3097 tibi
738 3054 970 3118 pereunt
999 3041 1299 3118 primordia
1328 3060 1529 3094 rerum.

223 3138 349 3193 'Fiet
380 3138 462 3193 uti
492 3138 606 3193 risu
634 3140 872 3196 tremulo
901 3161 1167 3196 concussa
1194 3140 1521 3195 cachinnent
1540 3178 1555 3206 ,

230 3239 299 3293 Et
328 3235 579 3314 lacrymis
609 3236 759 3294 salsis
788 3240 1103 3295 humectent
1133 3259 1228 3294 ora
1257 3253 1548 3310 genasque.
