2320 3866
869 256 935 299 IN
966 254 1344 300 LUCRETIUM.
1713 324 1719 332 N
1865 256 1954 304 283

323 359 456 402 Forte
476 354 539 420 (V.
571 353 700 419 630).
722 354 927 418 Αρχαῖκῶς
954 366 1044 410 pro
1054 350 1248 409 fortiter
1264 350 1481 410 positum.

325 434 528 479 Catenas
543 432 717 476 ludunt.
726 430 949 474 «Catenae
968 426 1115 487 accipi
1136 435 1334 487 possunt
1356 427 1567 472 choreae:
1593 425 1815 472 allusione
1838 429 1959 476 facta

257 509 319 555 ad
344 509 529 565 restim,
551 523 692 568 quam
718 505 829 550 olim
857 503 1168 561 ductitantes‚
1195 503 1393 549 maxime
1416 502 1467 547 in
1487 503 1628 548 rebus
1650 502 1839 562 divinis,
1863 508 1956 550 sal-

255 585 470 631 titabant.
486 605 508 627 »
528 587 729 630 Pilutus.

320 661 554 722 Sanguine
575 658 676 703 loeti
694 654 756 721 (vq
785 653 915 719 631).
945 655 1038 700 Alii
1067 658 1232 718 legunt
1255 656 1622 718 sanguinefleti‚
1646 656 1676 700 i.
1703 672 1742 702 e.
1772 655 1958 702 roribus

255 736 541 799 sanguineis,
573 732 809 796 guttatim,
839 733 1146 793 lacrymarum
1182 733 1349 791 instar,
1390 732 1690 791 stillantibuS,
1732 733 1957 793 cooperti.

256 815 415 859 Gallos
438 822 615 868 autem,
638 809 822 871 Cybelis
844 809 1131 866 sacerdotes,
1150 825 1197 854 se
1214 818 1454 857 cruentare
1477 809 1637 854 solitos
1666 809 1804 856 fuisse
1819 826 1957 856 nemo

252 889 410 935 nescit.

319 967 516 1013 Numine
553 961 615 1028 (v.
638 961 767 1028 632).
805 963 893 1009 Hic
931 962 1150 1023 primaria
1183 959 1520 1024 significatione
1550 962 1827 1008 sumendum
1862 979 1957 1010 esse

250 1058 341 1103 pro
371 1050 512 1096 nutu,
544 1057 645 1086 non
672 1050 740 1086 est
767 1050 822 1086 ut
852 1041 1059 1086 doceam.
1091 1040 1160 1085 Cf.
1184 1040 1332 1102 ,Senia
1362 1040 1423 1085 ad
1450 1039 1603 1101 Virg.‚
1637 1038 1848 1094 AEneid„
1879 1056 1957 1100 1v‚

252 1119 362 1179 269.
390 1117 538 1164 Simili
572 1117 768 1163 notione
795 1117 967 1179 legitur
997 1132 1074 1174 lv,
1108 1117 1222 1174 180,
1258 1116 1344 1161 ubi
1383 1115 1958 1165 denotatinclinationem

249 1195 498 1255 uisumque
519 1195 570 1240 in
603 1195 806 1256 aliquem
828 1181 998 1240 locum.

316 1273 458 1318 Pueri
488 1269 551 1335 (v.
580 1269 715 1335 635).
747 1283 965 1336 Κουρῆτες,
1003 1269 1135 1331 quod
1159 1285 1361 1328 nomen,
1401 1271 1658 1316 secundum
1682 1272 1860 1328 strab„
1897 1287 1957 1329 x,

247 1363 296 1408 p.
321 1346 438 1406 465,
468 1364 496 1395 a
521 1360 675 1414 κοῦρος,
706 1348 913 1408 juvenis,
936 1347 1220 1404 derivatum,
1244 1347 1513 1393 aLucretio
1543 1348 1607 1394 Sic
1636 1357 1958 1414 ἐτυμολογεῖσθαι

250 1424 365 1471 dicit
391 1425 574 1472 Wakef.
1271 1435 1274 1439 '

313 1502 770 1563 Pociturpn‘mordc‘a
795 1500 858 1570 (V.·
887 1500 1016 1564 652).
1042 1502 1110 1549 Cf.
1144 1501 1372 1561 111,1o51
1404 1511 1451 1548 et
1482 1518 1555 1560 lv,
1582 1502 1700 1558 763,
1728 1501 1812 1546 ubi
1834 1501 1958 1547 idem

250 1578 459 1641 regimen
492 1578 742 1625 invenitur.

314 1652 378 1719 (v.
403 1653 533 1719 660.)
555 1657 693 1702 Hunc
712 1671 897 1701 versum
919 1670 1024 1706 cum
1049 1656 1235 1711 duobus
1259 1653 1414 1700 verbis
1436 1636 1706 1717 proximum
1727 1654 1957 1730 incipien-

248 1730 374 1777 tibus
395 1732 578 1778 Nonius
605 1731 680 1778 bis
710 1731 868 1789 affert,
894 1747 959 1790 11,
995 1738 1080 1793 94,
1105 1741 1151 1778 et
1179 1748 1405 1795 111,1o9,
1428 1741 1483 1778 ut
1511 1732 1820 1790 demonstret,
1846 1749 1959 1793 gre-

243 1823 352 1869 gem
374 1807 612 1854 interdum
633 1808 845 1870 fenunini
867 1825 1059 1871 quoque
1084 1809 1263 1871 generis
1296 1825 1406 1857 esse.

313 1886 422 1941 Iam
447 1901 558 1932 vero
584 1883 647 1951 (v.
686 1883 817 1950 667).
842 1906 862 1928 «
877 1886 1029 1932 Priori
1060 1895 1336 1949 argumento
1370 1871 1499 1931 aliud
1533 1885 1813 1931 connectit:
1846 1886 1962 1946 quin

246 1961 388 2007 etiam
415 1978 519 2023 quae
561 1963 976 2009 accommodantur
1009 1963 1094 2008 uni
1136 1962 1379 2020 anirnanti,
1421 1978 1605 2008 necesse
1639 1971 1706 2007 cst
1739 1978 1963 2024 generum

247 2037 400 2083 adhuc
415 2038 829 2086 diversissimorum
851 2040 962 2099 sint,
987 2056 1133 2100 quum
1154 2040 1283 2085 varia
1303 2039 1444 2085 variis
1462 2040 1606 2099 ipsius
1620 2039 1854 2099 partibus,
1875 2055 1959 2085 ve-

246 2115 318 2161 nis
331 2151 345 2174 ,
366 2115 642 2175 visceribus,
656 2118 841 2175 nervis,
868 2118 1050 2164 ossibus
1063 2151 1076 2175 ‚
1101 2126 1187 2163 etc.
1201 2152 1214 2175 ‚
1244 2126 1535 2176 coaptentur.
1553 2137 1573 2158 »
1589 2117 1801 2162 cannen.

316 2189 379 2256 (v.
403 2191 535 2257 678.)
557 2195 695 2239 Hunc
716 2196 875 2239 locum
899 2193 1225 2240 difficillimum
1248 2201 1294 2238 et
1317 2192 1662 2261 vexatissimum
1691 2192 1755 2237 sic
1780 2192 1871 2253 legi
1891 2192 1963 2250 ju-

247 2269 329 2313 bet
354 2269 624 2328 Creechius,
661 2279 708 2316 et
735 2270 1071 2330 interpretatur
1102 2286 1112 2314 :
1138 2289 1157 2310 «
1172 2269 1354 2315 Deinde
1380 2269 1527 2315 multa
1554 2277 1686 2327 sunt,
1709 2269 1760 2314 in
1793 2268 1962 2329 quibus

248 2344 444 2390 odorem·
465 2346 601 2392 simul
625 2355 671 2393 et
693 2362 908 2407 saporem
930 2346 1122 2404 senties,
1147 2346 1381 2407 praecipue
1404 2346 1454 2390 in
1477 2346 1564 2391 illis
1588 2345 1820 2391 sacrificiis
1851 2346 1960 2406 qui—

245 2421 335 2467 bus
364 2422 426 2468 ad
448 2423 729 2483 expiandam
752 2424 966 2469 fraudem
990 2423 1150 2469 altaria
1173 2423 1492 2484 superstitiose
1524 2425 1744 2469 cumulas.
1769 2443 1789 2465 »
1813 2424 1964 2469 Faber

245 2506 294 2543 et
314 2499 463 2545 Bentl.
494 2516 582 2546 vss.
608 2501 703 2563 679
734 2509 781 2546 et
803 2501 898 2547 680
921 2500 1105 2561 spurios
1139 2509 1340 2546 censent.

316 2576 412 2621 Sua
445 2573 508 2640 (v.
542 2575 670 2641 710).
705 2580 774 2623 «Ι.
799 2593 838 2623 e.
857 2577 1205 2636 convenientia,
1237 2575 1451 2637 specifica
1483 2574 1496 2622 ‘z
1528 2593 1567 2622 e.
1603 2593 1646 2639 g.
1681 2593 1738 2622 ex
1760 2592 1880 2637 pane
1913 2576 1963 2621 id

248 2651 407 2699 educit
426 2655 570 2701 homo
594 2672 682 2716 per
707 2656 970 2702 coctionem
996 2656 1130 2716 quod
1153 2655 1323 2716 speciei
1344 2656 1557 2700 humanae
1574 2654 1814 2713 convenit,
1839 2654 1962 2700 canis

248 2738 412 2776 contra
431 2733 564 2793 quod
587 2733 755 2779 canino
785 2733 995 2796 generi.»
1016 2733 1193 2778 FABER.

313 2806 556 2870 Mhltaque
582 2812 719 2855 coecis
749 2796 817 2875 (νζ
844 2808 978 2874 713).
1005 2812 1211 2868 «Multa,
1238 2825 1341 2869 quae
1365 2823 1464 2853 non
1492 2807 1646 2867 vides,
1685 2827 1710 2856 e
1734 2812 1961 2872 cujusque

249 2880 492 2931 animantis
514 2901 712 2947 corpore
742 2887 791 2933 vi
813 2888 1016 2948 quadam
1038 2885 1398 2947 imperceptibili
1425 2885 1696 2945 ejiciuntur,
1719 2891 1792 2938 διὰ
1822 2896 1867 2938 τὸ
1907 2897 1962 2953 μὴ

249 2961 448 3009 δύνασθαι
470 2974 659 3026 συνῆφθαι
674 2974 755 3021 τοῖς
778 2974 850 3028 οὐχ
871 2973 1129 3030 ὁμοιογενέσι.
1147 2985 1167 3005 »
1191 2965 1402 3009 CREECE-

255 3082 258 3084 .
313 3036 559 3083 Retentam
584 3036 644 3101 (v.
680 3038 814 3104 728).
850 3041 982 3087 Idem
1014 3043 1154 3102 plane
1194 3040 1327 3101 quod
1356 3040 1643 3100 dzlstinguunt
1669 3047 1751 3084 aut
1768 3038 1962 3096 faciunt

248 3109 454 3170 dffsem.

315 3186 376 3252 (V·
410 3187 538 3254 729·)
565 3198 650 3241 Καὶ
682 3200 757 3256 μὴν
787 3201 856 3243 καὶ
879 3202 953 3251 τὰς
976 3202 1148 3260 ἀτόμους
1164 3202 1398 3258 νομιστέον,
1426 3197 1632 3258 μηδεμίαν
1659 3199 1858 3247 ποιότητα
1880 3206 1958 3242 τῶν

249 3276 491 3331 φαινομένων
527 3277 833 3332 προςφὲρεσθοιι,
869 3279 971 3325 πλὴν
1002 3280 1230 3336 σχήματος,
1259 3277 1326 3320 καὶ
1359 3278 1517 3335 βάρους,
1553 3277 1621 3320 καὶ
1655 3278 1865 3335 μεγέθους,
1894 3277 1963 3320 καὶ
