2300 3926
437 283 456 314 t
471 284 525 314 10
990 274 1041 317 Τ.
1080 273 1370 319 LUCRETII
1405 275 1545 319 CARI
1947 271 1997 324 (v.
2015 287 2066 323 92
2078 274 2129 324 ῐ-)

395 410 398 413 ,
434 371 597 427 Nulla
628 372 741 428 dies
767 373 923 428 nobis
952 395 1237 431 moerorem
1266 398 1295 431 e
1321 389 1540 452 pectore
1564 376 1758 431 demet.

433 469 575 525 Illud
603 472 669 526 ab
705 472 807 526 hoc
835 472 1003 549 igitur
1031 475 1382 548 quaerendum
1412 487 1522 546 est,
1554 474 1685 550 quid
1716 475 1783 528 sit
1811 473 1977 527 amari

433 571 769 646 Tantopere‚
797 571 866 626 ad
892 592 1145 630 somnum
1174 575 1218 628 si
1243 594 1327 629 res
1353 574 1496 629 redit
1522 586 1685 649 atque
1711 573 1977 648 quietem,

433 670 545 725 Cur
568 671 853 747 quisquam
876 682 1076 727 aeterno
1100 672 1270 747 possit
1298 673 1568 727 tabescere
1600 670 1793 727 luctu?

509 772 628 824 Hoc
661 771 824 825 etiam
859 770 1092 840 faciunt,
1130 771 1221 825 ubi
1256 769 1606 841 discubuere,
1642 781 1936 844 tenentque

431 867 630 922 Pocula
660 889 798 944 saepe
826 869 1073 924 homines
1090 912 1104 940 ‚
1140 880 1193 924 et
1215 870 1538 924 inumbrant
1569 888 1666 923 ora
1694 869 1908 923 coronis
1926 911 1940 938 ‚

431 969 512 1021 Ex
540 968 723 1022 animo
751 980 813 1022 ut
840 967 1022 1022 dicant
1055 989 1067 1022 ε
1100 969 1284 1023 Brevis
1310 968 1400 1023 hic
1433 980 1514 1023 est
1542 967 1748 1022 fructus
1775 955 2064 1034 homullis;

431 1067 550 1119 Jam
579 1065 772 1137 fuerit,
805 1087 984 1141 neque
1014 1078 1136 1141 post
1165 1087 1406 1141 unquam
1436 1086 1688 1121 revocare
1720 1064 1918 1121 licebit.

431 1165 716 1237 Tanquam
748 1165 805 1218 in
840 1176 1019 1219 morte
1052 1163 1182 1219 mali
1211 1165 1528 1240 cumprimis
1561 1165 1666 1220 hoc
1697 1166 1767 1220 sit
1799 1184 2021 1232 eorum,

431 1260 596 1332 Quod
627 1262 742 1316 sitis
768 1272 959 1316 exurat
983 1263 1210 1316 miseros
1236 1273 1399 1337 atque
1424 1262 1577 1317 arida
1604 1274 1837 1330 torreat3

430 1361 542 1416 Aut
567 1360 683 1416 aliae
711 1361 866 1437 cujus
894 1359 1225 1416 desiderium
1250 1361 1481 1416 insideat
1507 1361 1603 1416 rei.
1958 1423 1963 1425 ξ

510 1461 628 1517 Nec
661 1460 762 1515 sibi
794 1460 941 1515 enim
969 1460 1258 1536 quisquam
1293 1469 1411 1514 tum
1446 1480 1502 1514 se
1534 1460 1810 1534 vitamque
1843 1457 2103 1533 requirit,

430 1560 618 1631 Quum
648 1560 855 1635 pariter
885 1580 1040 1615 mens
1070 1571 1124 1615 et
1155 1579 1352 1635 corpus
1387 1559 1562 1635 sopita
1592 1559 1912 1635 quiescunt3

432 1661 576 1716 Nam
605 1659 732 1714 licet
759 1670 1022 1716 aeternum
1049 1679 1148 1735 per
1179 1679 1279 1714 nos
1311 1659 1388 1714 sic
1422 1678 1536 1713 esse
1567 1677 1850 1737 soporem3

431 1762 549 1818 Nec
576 1759 907 1815 desiderium
938 1758 1114 1815 nostri
1139 1780 1239 1815 nos
1266 1759 1461 1835 adtigit
1493 1757 1668 1813 ullum
1697 1778 1710 1811 :

432 1861 501 1915 Et
527 1871 706 1914 tamen
737 1858 1164 1935 haudquaquam
1190 1870 1407 1914 nostros
1436 1869 1568 1912 tunc
1596 1855 1690 1912 illa
1718 1876 1817 1932 per
1841 1867 1992 1911 artus

432 1961 621 2034 Longe
652 1958 719 2013 ab
753 1957 1023 2013 sensiferis
1051 1957 1353 2034 primordia
1383 1956 1625 2012 motibus
1652 1967 1839 2010 errant
1859 1997 1874 2025 ,

431 2057 584 2129 Quin
613 2068 905 2132 conreptus
932 2055 1101 2112 homo
1134 2077 1200 2111 ex
1228 2075 1422 2111 somno
1455 2075 1510 2110 se
1538 2054 1928 2130 conligitipse.

431 2153 611 2211 Multo
640 2155 808 2231 igitur
834 2166 1069 2210 mortem
1098 2156 1279 2209 minus
1307 2154 1377 2209 ad
1403 2174 1504 2208 nos
1532 2173 1648 2208 esse
1675 2151 1982 2228 putandum
2000 2191 2016 2220 ‚

371 2278 373 2280 ’
435 2254 493 2309 Si
522 2254 704 2308 minus
731 2274 847 2309 esse
875 2263 1088 2330 potest,
1122 2273 1290 2329 quam
1323 2252 1473 2328 quod
1499 2249 1638 2306 nihil
1667 2271 1782 2307 esse
1807 2248 2072 2304 videmus„

432 2352 613 2427 Major
640 2352 787 2406 enim
816 2351 987 2406 turbae
1015 2350 1271 2426 disjectus
1298 2350 1549 2406 materiai

435 2451 802 2525 Consequitur
829 2447 1009 2520 letho,
1036 2470 1139 2504 nec
1167 2450 1458 2524 quisquam
1489 2449 1801 2526 expergitus
1830 2457 2036 2515 exstat,

435 2549 657 2626 Frigida
688 2569 852 2624 quem
880 2547 1045 2604 semel
1080 2558 1160 2603 est
1185 2549 1318 2603 vitai
1349 2569 1519 2623 pausa
1552 2561 1752 2604 secuta.

514 2648 796 2724 Denique,
827 2648 872 2702 si
901 2666 1092 2702 vocem
1119 2656 1304 2702 rerum
1332 2648 1547 2704 Natura
1578 2657 1803 2723 repente

437 2750 626 2803 Mittat
643 2790 657 2819 ‚
686 2759 742 2802 et
766 2747 872 2802 hoc
895 2745 1102 2823 aliquoi
1131 2736 1380 2801 nostrum
1409 2747 1485 2803 sic
1514 2746 1758 2821 increpet
1787 2745 1902 2819 ipsa
1926 2765 1938 2798 ε

435 2847 638 2919 «Quid
666 2848 763 2901 tibi
794 2859 1079 2923 tantopere
1103 2858 1183 2902 est
1200 2890 1214 2918 ,
1245 2845 1492 2902 mortalis
1512 2889 1527 2914 ‚
1555 2845 1894 2921 quodnimis
1921 2843 2078 2920 aegris

438 2947 702 3003 Luctibus
733 2945 1024 3023 indulges?
1054 2945 1188 3022 quid
1214 2957 1450 3001 mortem
1481 2947 1758 3022 congemis
1786 2964 1848 2999 ac
1876 2942 2012 2998 fles?

438 3047 584 3102 Nam
613 3045 656 3100 si
684 3057 842 3122 grata
871 3045 974 3101 fuit
999 3047 1100 3101 tibi
1126 3047 1238 3101 vita
1266 3057 1516 3100 anteacta
1541 3045 1831 3121 priorque,

438 3146 506 3199 Et
534 3164 645 3199 non
674 3147 890 3216 omnia,
923 3158 1206 3221 pertusum
1242 3156 1499 3221 congesta
1531 3145 1684 3221 quasi
1714 3143 1770 3198 in
1797 3163 1890 3197 vas
1910 3183 1925 3211 ‚

441 3243 744 3298 Commoda
778 3244 1110 3319 perfluxere,
1146 3257 1310 3319 atque
1342 3245 1552 3320 ingrata
1586 3243 1870 3310 interiere3
