2300 3926
432 279 486 330 74
748 341 750 343 v
824 235 827 238 ·
1008 272 1059 314 Τ.
1096 271 1382 318 LUCRETII
1419 273 1558 317 CARI
1907 274 1956 321 (v.
1980 272 2115 320 1040.)

429 380 703 453 Exspuere
726 396 791 430 ex
819 375 998 429 animo
1026 376 1294 429 rationem
1330 395 1341 429 :
1379 375 1470 431 sed
1501 376 1671 451 magis
1700 374 1807 428 acri

427 475 637 531 Judicio
668 473 963 550 perpende,
996 486 1074 549 et,
1111 474 1155 528 si
1192 474 1288 528 tibi
1315 494 1442 530 vera
1474 474 1712 543 videtur,

429 573 582 630 Dede
612 593 802 627 manus
835 593 846 626 t
879 584 996 643 aut,
1028 573 1072 627 si
1105 570 1239 628 falsa
1270 584 1377 644 est,
1406 574 1681 650 accingere
1712 583 1915 628 contra.

429 674 640 746 Quaerit
669 675 813 728 enim
842 674 1052 728 ratione
1081 674 1319 744 animus,
1353 693 1522 749 quum
1552 693 1762 728 summa
1789 671 1892 727 loci
1924 671 1992 725 sit

432 771 649 826 Infinita
679 771 839 843 foriS,
874 772 987 826 haec
1013 783 1164 826 extra
1193 773 1390 827 moenia
1419 771 1633 843 mundi,

430 870 581 944 Quid
610 871 678 926 sit
713 871 786 925 ibi
807 891 1000 946 porr0,
1033 890 1141 945 quo
1176 873 1481 947 prospicere
1509 890 1681 946 usque
1710 868 1839 924 velit
1872 887 2044 936 menS,

431 972 608 1045 Atque
639 969 803 1023 animi
827 970 1004 1043 jactus
1032 967 1169 1024 liber
1199 990 1308 1044 quo
1343 969 1584 1045 pervolet
1612 970 1742 1046 ipse.

510 1068 809 1143 Principio,
841 1069 996 1123 nobis
1027 1069 1082 1121 in
1113 1080 1331 1123 cunctas
1365 1068 1607 1143 undique
1633 1079 1837 1143 parteS,

430 1169 498 1221 Et
527 1166 691 1220 latere
719 1186 785 1220 ex
821 1178 1055 1240 utroque
1083 1166 1222 1221 infra
1251 1187 1581 1242 superaque,
1611 1186 1708 1241 per
1736 1184 1895 1220 omne

432 1262 598 1321 Nulla
626 1275 706 1317 est
732 1262 991 1332 finis‚¹uti
1019 1263 1211 1334 docui,
1241 1285 1325 1319 res
1349 1266 1572 1339 ipsaque
1601 1280 1699 1339 per
1725 1284 1780 1318 se

431 1360 798 1429 Vociferatur,
829 1371 883 1414 et
911 1358 1087 1414 elucet
1114 1371 1310 1414 natura
1337 1355 1613 1435 profundi.
1639 1381 1644 1385 ’

432 1458 600 1516 Nullo
632 1459 745 1534 jam
778 1470 936 1534 pacto
965 1455 1256 1513 verisimile
1288 1477 1402 1512 esse
1430 1457 1734 1532 putandum
1763 1469 1868 1527 est,

433 1557 691 1632 Undique
725 1577 896 1632 quum
925 1576 1116 1612 vorsus
1150 1553 1387 1631 spatiu'm
1413 1568 1568 1611 vacet
1598 1555 1902 1626 infinitum,

436 1657 758 1731 Seminaque
782 1657 1068 1710 innumero
1124 1673 1352 1708 numero
1370 1697 1385 1722 ,
1414 1674 1731 1734 summaque
1757 1652 2029 1730 profianda

436 1754 777 1810 Multimodis
810 1752 1038 1819 volitent
1066 1763 1266 1808 aeterno
1294 1754 1498 1828 percita
1526 1764 1678 1808 motu
1698 1794 1712 1818 ‚

437 1857 598 1908 Hunc
629 1872 802 1907 unum
831 1865 1102 1907 terrarum
1132 1854 1318 1907 orbern
1346 1850 1652 1927 coelumque
1675 1862 1947 1921 creatum,

436 1950 529 2008 Nil
555 1971 712 2026 agere
741 1948 833 2005 illa
861 1950 990 2005 foris
1017 1962 1100 2004 tot
1128 1970 1357 2026 corpora
1384 1949 1661 2019 materiai,
1699 1945 1702 1947 i

435 2053 626 2122 Quum
653 2049 950 2125 praesertim
975 2049 1065 2103 hic
1090 2049 1159 2104 sit
1186 2050 1396 2105 Natura
1426 2048 1624 2117 factuS,
1655 2060 1711 2103 et
1742 2048 1862 2122 ipsa

438 2150 642 2222 Sponte
675 2167 770 2202 sua
804 2147 943 2202 forte
975 2147 1291 2202 offensando
1323 2149 1528 2202 semina
1558 2167 1744 2202 rerum

437 2243 800 2316 Multimodis,
836 2257 1037 2301 temere
1057 2289 1071 2316 ,
1099 2246 1370 2302 incassum
1404 2245 1716 2319 frustraque
1744 2255 1949 2313 coacta,

437 2343 676 2398 Tandem
704 2341 935 2398 colarint
969 2364 1055 2414 ea,
1087 2364 1205 2419 quae
1232 2345 1479 2419 conjecta
1511 2355 1753 2419 repente,

438 2445 763 2518 Magnarum
779 2460 972 2495 rerum
999 2441 1190 2495 fierent
1225 2441 1447 2496 exordia
1479 2458 1717 2517 semper,

437 2540 650 2608 Terrai,
687 2536 859 2594 maris·
882 2550 937 2593 et
972 2536 1116 2607 coeli,
1145 2538 1466 2614 generisque
1502 2540 1856 2594 animantum.

438 2639 625 2710 Quare
653 2638 816 2692 etiam
844 2649 1005 2712 atque
1032 2637 1195 2703 etiam
1212 2635 1359 2692 tales
1393 2636 1592 2692 fateare
1619 2657 1834 2691 neeesse
1863 2649 1942 2692 est

439 2739 570 2791 Esse
600 2735 732 2791 alios
761 2733 887 2791 alibi
917 2755 1237 2812 congressus
1263 2736 1531 2806 materiai,

442 2833 638 2906 Qualis
662 2831 886 2907 hic'est,
917 2833 1382 2910 avidocomplexu
1414 2854 1577 2909 quem
1608 2845 1753 2889 tenet
1778 2834 1960 2888 aether.

517 2937 780 2990 Praeterea
797 2975 811 3004 ,
847 2953 1017 3008 quum
1046 2933 1296 2990 materies
1327 2943 1408 2987 est
1437 2930 1609 2992 multa
1637 2944 1852 3007 parata,

444 3034 634 3103 Quum
662 3031 811 3086 locus
839 3044 922 3087 est
948 3023 1166 3107 praestO,
1197 3051 1295 3086 nec
1324 3051 1408 3086 res
1437 3050 1536 3086 nec
1569 3051 1727 3086 causa
1762 3042 2005 3085 moratur

418 3116 591 3199 Ulla,
619 3131 741 3206 geni
776 3130 975 3185 debent
1003 3126 1259 3185 nimirum
1291 3140 1342 3184 et
1376 3129 1597 3184 confieri
1625 3149 1724 3184 res.

444 3230 605 3285 Nunc
639 3240 693 3283 et
726 3230 1018 3284 seminibus
1049 3229 1092 3284 si
1119 3240 1271 3283 tanta
1299 3238 1378 3283 est
1404 3229 1584 3302 copia,
1614 3238 1873 3301 quantam
