2320 3866
411 257 500 303 332
1015 258 1497 304 ADNOTATIONES
1573 295 1582 299 ,

479 352 716 412 Tyrrhena
743 350 807 415 (v.
831 350 959 415 380).
984 353 1132 414 Tages
1158 353 1280 399 enim
1307 353 1376 416 (ut
1399 353 1448 397 in
1474 352 1606 398 libris
1626 361 1692 398 est
1713 353 2029 418 Etruscorum)
2051 372 2100 401 m

350 452 362 457 -
408 444 520 490 agro
547 429 871 490 tarquiniensi,
897 445 1045 489 quum
1078 437 1200 474 terra
1222 439 1428 475 araretur
1451 439 1497 475 et
1518 430 1670 475 sulcus
1701 439 1817 475 esset
1841 430 1976 476 altius
2008 431 2100 476 im-

407 519 609 565 pressus,
641 504 864 550 exstitisse
886 513 1079 565 repente
1103 505 1288 563 dicitur,
1313 515 1358 551 et
1372 505 1684 566 haruspicinae
1707 506 1959 566 disciplinae
1983 523 2105 567 prae-

398 589 541 641 cepta
563 580 820 627 tradidisse.
853 581 961 627 Vid.
989 582 1113 639 Cic„
1139 583 1198 626 de
1218 582 1316 626 Dio.
1331 615 1347 637 ‚
1381 598 1423 627 11
1439 617 1451 640 ,
1476 584 1558 638 233
1587 590 1632 627 et
1652 584 1858 639 Lucam,
1883 599 1928 640 1,
1963 581 2070 643 579.

470 669 610 712 Retro
630 669 898 715 volventem.
921 668 956 712 I.
982 682 1021 712 e.
1046 683 1072 712 a
1088 667 1236 727 capite
1260 668 1320 713 ad
1341 668 1532 725 calcem,
1556 684 1581 714 a
1605 669 1726 713 calce
1754 668 1814 713 ad
1838 675 1979 728 caput
1998 669 2106 713 vol-

404 743 558 788 vendo
616 743 757 789 aniles
800 742 923 789 istos
955 736 1127 801 libros,
1165 759 1285 804 quos
1321 743 1548 807 Tyrrheni
1593 760 1674 790 seu
1706 743 1845 789 Tusci
1878 743 2107 789 condide—

405 827 529 863 runt.
1110 854 1112 856 .

471 893 591 939 Hinc
619 895 885 940 dominatus
909 906 959 941 ut
979 897 1198 941 extulerit
1227 911 1277 940 se
1303 894 1365 958 (v.
1395 893 1521 958 384).
1554 895 1674 941 Nam
1701 895 1877 941 reditus
1902 895 2107 940 fulminis

405 970 601 1016 maxime
625 971 974 1017 observabatur.

467 1057 571 1101 Alii
590 1058 702 1102 Divi
723 1055 784 1118 (v.
810 1054 940 1119 386).
956 1050 1250 1101 «Tuscorum
1268 1057 1430 1101 litterae
1455 1072 1625 1102 novem
1647 1057 1760 1102 deos
1786 1058 1959 1104 fulmen
1975 1058 2110 1103 emit-

403 1139 500 1175 tere
524 1131 799 1176 existimant.
820 1151 840 1172 »
863 1133 1001 1176 Pin«.
1016 1165 1031 1188 ,
1053 1133 1113 1175 H.
1144 1132 1203 1176 N.
1214 1163 1229 1185 ‚
1258 1146 1325 1187 11,
1352 1129 1427 1175 53.
1450 1151 1476 1171 >«
1493 1131 1593 1176 Diis
1615 1147 1786 1176 novem
1813 1133 1997 1192 Jupiter
2018 1149 2110 1193 po-

404 1215 615 1253 testatem
634 1206 839 1267 jaciendi
870 1207 942 1253 sui
965 1206 1168 1252 fulminis
1190 1206 1411 1267 permisit.
1426 1227 1446 1248 2>
1467 1209 1650 1252 Annon.
1663 1242 1676 1264 ‚
1703 1223 1766 1252 111
1781 1241 1795 1264 ,
1819 1223 1868 1267 p.
1905 1223 2008 1254 122.

474 1294 651 1351 Quibus
675 1293 907 1339 incautum
926 1296 1078 1338 scelus
1101 1294 1354 1337 aversabile
1365 1309 1556 1354 cumque
1571 1302 1644 1338 est
1665 1290 1727 1356 (v.
1754 1292 1881 1355 389).
1899 1293 1993 1349 Qui
2011 1311 2109 1340 non

402 1377 567 1414 cavent
592 1385 619 1415 a
648 1369 898 1416 sceleribus
921 1385 1024 1430 quae
1047 1368 1221 1414 debent
1243 1367 1460 1413 aversari.

471 1455 565 1500 Con
596 1438 788 1500 bruc-hia
810 1456 1070 1516 suefaciunt
1091 1453 1154 1518 (v.
1188 1452 1316 1518 396).
1340 1452 1615 1501 Wakefield.
1641 1470 1699 1499 ex
1728 1432 1946 1500 omnibus
1981 1454 2111 1501 libris

403 1530 606 1575 restituit
627 1541 721 1576 tum
737 1531 933 1576 brachia
957 1541 1267 1576 consuescunt.

463 1617 628 1679 Neque
647 1619 811 1679 parcit
837 1619 884 1662 in
916 1619 1069 1662 hostes
1105 1615 1167 1680 (v.
1205 1616 1333 1679 398).
1373 1618 1540 1677 Neque
1576 1616 1632 1662 iis
1661 1616 1813 1666 minus
1844 1617 2110 1677 frequenter

404 1694 577 1751 utitur,
605 1703 684 1752 ut,
707 1693 792 1738 ubi
815 1693 996 1739 occasio
1022 1693 1186 1751 fuerit,
1220 1694 1375 1738 hostes
1401 1709 1509 1738 suos
1537 1694 1657 1738 male
1677 1693 1858 1753 perdat.

468 1768 529 1833 (Ὺ.
565 1767 692 1833 423.)
723 1781 958 1834 Πρηστῆρας
980 1773 1188 1832 ἐνδέχεται
1211 1777 1389 1832 γίνεσθαι
1424 1775 1494 1818 καὶ
1525 1775 1635 1818 κατὰ
1662 1777 1767 1818 θέσιν
1795 1776 2003 1832 νέφουςείς
2024 1775 2112 1824 τοὺς

404 1854 517 1894 κατὼ
543 1853 707 1905 τόπους,
731 1848 946 1901 ἀλλοειὸὢς
973 1853 1049 1895 ὑπὸ
1073 1853 1299 1910 πνεύματος
1322 1852 1458 1908 ἀθρόου
1486 1852 1688 1900 ὠσθέντος“
1712 1850 1782 1895 καὶ
1812 1847 1885 1893 διὰ
1906 1855 1975 1892 τοῦ
1995 1851 2110 1893 mesa·

404 1945 531 1984 ματος
552 1933 696 1970 πολλοῦ
720 1929 949 1985 φερομένου,
973 1928 1062 1984 ἅμα
1087 1927 1157 1970 καὶ
1178 1929 1224 1970 τὸ
1251 1929 1361 1984 νέφος
1385 1927 1436 1975 εἰς
1454 1928 1501 1968 τὸ
1523 1927 1688 1973 πλησίον
1713 1929 1900 1975 ὠθοῦντος
1912 1930 1981 1968 τοῦ
2004 1927 2112 1974 ἐκτός

402 2005 638 2061 πνεύματος·
663 2003 732 2046 καὶ
755 2004 864 2046 κατὰ
886 2004 1121 2061 περίστασιν
1151 2000 1200 2046 δὲ
1222 2005 1448 2061 πνεύματος
1478 2004 1529 2052 εἷς
1549 2004 1686 2046 κύκλον
1713 2004 1823 2060 ἀέρος
1836 2003 1938 2052 τινὸς
1954 2003 2111 2044 ἐπισυνε

402 2081 619 2136 ωθουμένου
648 2081 806 2122 ἅνωθεν”
830 2079 900 2122 καὶ
934 2081 1099 2136 ῥεὺσεως
1119 2087 1266 2129 πολλῆς
1287 2081 1526 2137 πνευμάτων
1557 2081 1791 2137 γενομένης,
1821 2078 1890 2123 καὶ
1925 2080 1966 2122 οὐ
1990 2074 2111 2121 δυνα-

402 2157 521 2212 μένης
544 2156 595 2205 εἰς
615 2156 669 2199 τὰ
691 2157 848 2213 πλάγιοι
872 2152 1128 2213 διαρρυῆναι,
1161 2152 1234 2198 διὰ
1259 2157 1329 2202 τήν
1354 2155 1467 2213 πέριξ
1494 2161 1564 2198 τοῦ
1588 2157 1698 2213 ἀέρος
1721 2157 1896 2202 πίλησιν.
1919 2154 2005 2197 Καὶ
2042 2156 2111 2204 ἕως

401 2231 471 2288 μὲν
495 2238 567 2289 γῆς
587 2237 656 2275 τοῦ
678 2237 901 2289 πρηστῆρος
921 2233 1153 2289 καθιεμένου
1169 2265 1180 2284 ,
1208 2233 1406 2289 στρόβιλοι
1430 2232 1629 2289 γίνονται,
1661 2234 1709 2281 ὣς
1723 2233 1769 2274 ἂν
1794 2230 1864 2274 καὶ
1892 2234 1917 2279 ἡ
1941 2231 2110 2288 ἀπογέν-

399 2325 510 2357 νησις
530 2308 640 2351 κατὰ
662 2310 733 2356 τὴν
757 2310 907 2354 κίνησιν
931 2314 1000 2351 τοῦ
1023 2310 1250 2366 πνεύματος
1270 2309 1443 2365 γίνηταί
1476 2310 1546 2357 ἕως
1568 2305 1617 2351 δὲ
1640 2309 1864 2360 θαλάττης,
1882 2303 1985 2350 ὃῖνοι
2009 2307 2109 2349 ἀπο-

400 2389 619 2427 τελοῦνται,
642 2379 778 2422 Eme.
803 2380 873 2422 ad
892 2378 1165 2436 Pythoclem
1188 2375 1359 2440 (D1oo.
1381 2380 1559 2423 [ητα.
1575 2413 1588 2435 ,
1605 2379 1691 2439 x.),
1714 2381 1738 2434 5
1767 2383 1870 2431 104.
1889 2396 1914 2417 α
1929 2378 2109 2422 Ventus

401 2452 706 2499 circumactus
736 2463 781 2498 et
803 2454 1018 2499 eumdem
1040 2454 1246 2499 ambiens
1260 2455 1416 2510 locum
1432 2463 1478 2499 et
1493 2470 1540 2499 se
1555 2454 1605 2498 in
1618 2454 1718 2513 ipsa
1739 2452 1964 2513 vertigine
1988 2466 2107 2498 con-

401 2530 571 2588 citans,
595 2530 736 2576 turbo
759 2539 840 2575 est.
867 2530 962 2587 Qui
994 2529 1031 2574 si
1054 2530 1313 2590 pugnacior
1343 2539 1410 2574 est
1424 2563 1437 2586 ,
1471 2545 1524 2574 ac
1548 2530 1721 2575 diutius
1741 2530 2005 2586 volutatur,
2030 2527 2109 2573 in-

403 2605 680 2664 flammatur,
704 2615 750 2651 et
773 2604 916 2651 efficit
945 2621 1085 2666 quem
1110 2619 1321 2669 πρηστῆρα
1344 2606 1490 2650 Graeci
1526 2604 1825 2656 vocant.‚Hic
1851 2614 1919 2649 est
1947 2604 2109 2664 igneus

402 2684 557 2727 turbo.
582 2702 602 2723 »
625 2683 824 2740 Simiae„
855 2684 963 2728 Nat.
992 2683 1194 2740 Quoest.‚
1225 2697 1282 2739 v,
1311 2681 1383 2726 13.
1407 2682 1475 2727 Cf.
1500 2683 1639 2727 etiam
1660 2685 1794 2746 PLIN.
1810 2714 1823 2738 ,
1847 2683 1906 2725 H.
1929 2681 2016 2736 Ν.,
2049 2698 2107 2740 11,

403 2757 488 2815 503
512 2760 684 2816 Amin,
711 2760 771 2803 de
791 2759 1000 2812 Mundo,
1025 2766 1057 2802 t.
1082 2773 1145 2814 11,
1166 2772 1214 2816 p.
1240 2758 1356 2813 322,
1385 2757 1502 2802 oud.

468 2835 541 2880 Ab
562 2851 637 2889 re,
664 2850 691 2879 a
713 2842 872 2899 πρήθω,
894 2843 1036 2899 πρήσω
1067 2833 1259 2890 scilicet3
1285 2833 1394 2893 quia
1416 2850 1523 2878 cum
1545 2834 1711 2878 ardore
1727 2834 1936 2895 quodam
1959 2843 2108 2878 tume-

405 2920 565 2965 scant;
588 2910 709 2956 inest
731 2910 855 2956 enim
876 2910 984 2956 voci
1005 2926 1104 2955 non
1126 2910 1278 2954 minus
1309 2909 1559 2969 inflationis
1582 2910 1716 2955 notio
1742 2926 1880 2970 quam
1905 2909 2036 2970 ignis.

470 2997 623 3057 Coepit
646 2994 708 3060 (v.
728 2996 854 3060 431).
881 2998 1062 3044 Wakef.
1087 2997 1289 3043 restituit
1311 2998 1457 3056 cepit,
1483 2997 1512 3042 i.
1538 3013 1576 3042 e.
1601 2997 1790 3055 invasit,
1815 2997 2073 3057 occupavit.

473 3078 942 3144 Ventisquejeruntui·
957 3082 1019 3147 (v.
1047 3082 1170 3149 456).
1189 3084 1388 3130 «Ventis
1409 3085 1501 3129 huc
1518 3093 1563 3129 et
1584 3084 1694 3130 illuc
1718 3084 1867 3129 delata
1884 3118 1897 3141 ‚
1919 3083 1983 3128 ita
1999 3099 2109 3128 con-

404 3157 669 3217 densantur,
691 3168 745 3204 ut
771 3169 921 3206 totum
944 3163 1111 3207 coelum
1133 3161 1349 3207 subtexat
1379 3161 1600 3207 horridus
1622 3171 1669 3207 et
1681 3161 1966 3221 procellosus
1987 3158 2108 3204 nim-

404 3233 504 3278 bus.
525 3254 543 3275 >›
572 3236 779 3281 Clusium.
