2320 3866
240 273 294 326 (v,
313 262 424 325 363.)
652 272 734 316 DE
765 267 1273 314 RERUM'NATURA
1309 271 1418 314 LIB.
1454 271 1532 316 VI.
1855 289 1947 334 229

239 380 638 451 Protractaeque
665 373 842 429 trabes
870 371 1187 447 impendent
1212 374 1294 428 ire.
1317 387 1520 451 paratae
1536 418 1552 446 ‚

237 479 309 532 Et
337 487 587 532 metuunt
611 473 794 550 magni
826 483 1084 527 naturam
1118 473 1337 537 credere
1370 474 1564 530 mundi

170 584 176 589 ’
235 573 467 630 Exitiale
498 557 718 648 aliquod
754 582 969 647 tempus
1004 569 1608 649 clademque'manere,

237 674 426 746 Quum
452 673 670 729 videant
698 682 914 726 tantam.
928 683 1199 727 terrarum
1229 672 1544 727 incumbere
1579 671 1777 728 molem
1809 694 1819 726 :

231 772 397 845 Quod
426 773 529 828 nisi
563 770 835 846 respirent
864 771 1044 842 venti,
1079 791 1193 826 non
1233 769 1344 826 ulla
1370 771 1619 826 refraenet

229 876 368 944 Res,
399 891 574 947 neque
600 870 667 925 ab
700 870 868 925 exitio
894 871 1068 947 possit
1096 870 1425 947 reprendere
1461 882 1682 941 euntes;

227 974 283 1029 N
286 992 392 1028 unc
417 971 546 1046 quia
581 971 854 1047 respirant
880 969 1102 1044 alternis
1139 971 1305 1046 inque
1338 983 1696 1048 gravescunt,

223 1072 298 1126 Et
330 1060 486 1146 quasi
520 1068 751 1125 conlecti
777 1070 1010 1125 redeunt
1046 1068 1358 1145 ceduntque
1394 1068 1633 1146 repulsi;

221 1170 428 1247 Saepius
462 1170 606 1226 hane
634 1169 706 1225 ob
741 1190 859 1225 rem
898 1170 1358 1225 minitatur-terra
1402 1171 1619 1241 ruinas,

220 1255 403 1342 Quam
437 1269 568 1326 facit
601 1290 613 1325 :
645 1268 941 1324 inclinatur
979 1270 1131 1325 enim
1163 1282 1421 1345 retroque
1458 1256 1692 1341 recellit,

217 1371 293 1425 Et
317 1370 514 1447 recipit
539 1367 794 1446 prolapsa
822 1389 945 1424 suas
969 1390 1025 1424 se
1049 1369 1106 1423 in
1132 1369 1374 1445 pondere
1404 1370 1556 1425 sedes
1593 1392 1605 1424 :

218 1471 336 1525 Hac
367 1469 537 1546 igitur
568 1470 781 1525 ratione
810 1467 1068 1524 vacillant
1096 1470 1278 1524 omnia
1308 1482 1475 1540 tecta,

218 1570 444 1624 Summa
483 1570 655 1646 magis
693 1568 916 1640 mediis,
957 1567 1137 1624 media
1176 1570 1329 1638 imis,
1375 1570 1484 1623 ima
1523 1569 1814 1646 perhilum.

299 1670 397 1723 Est
430 1667 544 1723 haec
576 1666 816 1744 ejusdem
846 1688 1068 1743 quoque
1103 1668 1289 1743 magni
1322 1688 1486 1724 causa
1522 1670 1803 1738 tremori5‚

216 1768 428 1823 Ventus
463 1767 558 1822 ubi
599 1778 764 1843 atque
802 1767 998 1822 animae
1034 1768 1217 1824 subito
1255 1768 1338 1824 vis
1382 1769 1619 1824 maxima
1648 1769 1899 1846 quaedam
1921 1813 1934 1837 ‚

212 1870 324 1924 Aut
349 1868 717 1941 extrinsecus,
753 1879 850 1922 aut
879 1869 997 1945 ipsa
1024 1890 1056 1924 a
1086 1868 1282 1925 tellure
1317 1880 1504 1926 coorta
1523 1913 1537 1941 ,

210 1969 277 2022 In
310 1965 429 2023 loca
456 1989 512 2024 se
537 1988 668 2024 cava
696 1969 864 2023 terrai
890 1969 1150 2045 conjecit,
1178 1970 1366 2048 ibique

210 2065 509 2143 Speluncas
531 2069 674 2124 inter
697 2089 923 2147 magnas
949 2069 1136 2126 fremit
1159 2082 1288 2127 ante
1312 2070 1554 2127 tumultu
1573 2116 1586 2143 ‚

211 2167 685 2244 Versabundaque
721 2181 1011 2245 portatur;
1048 2182 1174 2246 post
1216 2171 1384 2226 incita
1423 2172 1596 2246 quum
1639 2173 1720 2226 vis

207 2267 491 2343 Exagitata
514 2267 660 2323 foras
682 2270 1008 2345 erumpitur,
1030 2281 1086 2325 et
1112 2268 1275 2326 simul
1300 2259 1494 2326 artam·

208 2365 519 2422 Diffindens
553 2379 755 2424 terram
783 2389 1047 2446 magnum
1080 2371 1378 2426 concinnat
1409 2371 1622 2426 hiatum
1660 2392 1671 2424 ε

205 2465 271 2520 In
304 2466 469 2542 Tyria
498 2466 702 2523 Sidone
727 2467 877 2544 quod
907 2469 1130 2542 accidit,
1160 2480 1214 2525 et
1245 2469 1349 2525 fuit
1379 2471 1532 2547 AEgis

204 2565 272 2619 In
304 2562 684 2643 Peloponneso
721 2588 734 2622 ε
765 2588 900 2644 quas
926 2569 1103 2624 exitus
1135 2570 1226 2626 hic
1255 2571 1459 2626 animai

204 2661 495 2721 Disturbat
524 2667 715 2739 urbeS‚
746 2679 801 2724 et
831 2681 990 2725 terrae
1019 2681 1200 2725 motus
1235 2668 1493 2726 obortus!

206 2759 496 2839 Multaque
529 2779 791 2842 praeterea
820 2769 1137 2825 ceciderunt
1168 2771 1370 2825 moenia
1400 2772 1616 2847 magnis

206 2860 450 2919 Motibus
480 2864 536 2919 in
564 2868 751 2941 terriS,
783 2881 840 2924 et
867 2868 1052 2925 multae
1086 2890 1185 2947 per
1214 2890 1364 2925 mare
1394 2890 1613 2945 pessum

204 2960 509 3019 Subsedere
541 2967 652 3022 suis
683 2969 890 3044 pariter
922 2991 1050 3028 cum
1077 2971 1288 3027 civibus
1315 2971 1495 3025 urbes,

248 3077 252 3080 ’
282 3059 451 3132 Quod
485 3064 590 3119 nisi
621 3070 962 3146 prorumpit,
992 3067 1176 3127 tamen
1210 3071 1446 3147 impetus
1476 3071 1594 3147 ipse
1623 3070 1853 3140 animai,

201 3160 271 3214 Et
302 3158 417 3216 fera
446 3162 526 3218 vis
556 3166 740 3237 venti,
768 3188 866 3244 per
892 3170 1087 3226 crebra
1113 3170 1385 3226 foramina
1411 3182 1569 3225 terrae

200 3258 556 3336 Dispertitur,
594 3275 654 3319 ut
686 3263 900 3342 horror,
928 3282 981 3326 et
1014 3271 1212 3327 incutit
1247 3269 1372 3326 inde
1405 3281 1727 3341 tremorem3
