2320 3866
182 347 232 397 (v.
254 346 366 398 532.)
614 343 697 387 DE
730 339 954 386 RERUM
989 340 1241 385 NATURA
1276 342 1388 386 LIB.
1429 343 1482 386 V.
1785 358 1874 402 179

180 452 228 504 E
246 449 447 524 quibus
465 466 575 502 una
595 457 774 501 tamen
799 442 869 497 sit
893 453 947 497 et
970 442 1084 498 haec
1104 464 1323 520 quoque
1344 465 1506 500 causa
1523 462 1739 499 necesse
1760 456 1839 499 est
1854 486 1869 516 ‚

181 548 321 619 Quae
352 557 538 624 vegeat
567 555 775 599 motum
807 542 1002 618 signis;
1037 542 1130 599 sed
1163 565 1285 620 quae
1315 545 1384 600 sit
1412 564 1599 600 earum
1650 592 1652 594 ,

150 634 156 639 ’
177 648 501 723 Praecipere,
531 642 676 698 haud
698 661 974 717 quaquam
997 655 1078 699 est
1095 643 1427 720 pedetentim
1453 641 1869 721 progredientis.

254 748 525 820 Terraque
551 753 613 797 ut
643 742 699 795 in
734 740 915 797 media
943 742 1132 798 mundi
1164 745 1384 820 regione
1418 744 1687 818 quiescat,

174 847 500 900 Evanescere
525 838 786 918 paulatim
817 852 871 896 et
898 840 1208 896 decrescere
1242 842 1458 917 pondus

89 938 102 953 ‘
173 943 472 1012 Convenit,
504 953 666 1016 atque
695 938 854 994 aliam
880 952 1134 995 naturam
1166 941 1352 996 subter
1383 940 1585 996 habere

168 1043 251 1097 Ex
283 1042 499 1095 ineunte
525 1059 639 1095 aevo
666 1039 1014 1115 conjunctam
1040 1051 1204 1116 atque
1234 1032 1423 1096 uniter·
1443 1053 1627 1117 aptam

170 1140 417 1195 Partibus
447 1139 603 1195 aeriis
633 1138 852 1206 mundi,
885 1140 1084 1215 quibus
1118 1140 1280 1194 insita
1305 1139 1464 1211 sidit3

166 1242 458 1316 Propterea
488 1259 599 1294 non
632 1250 714 1294 est
736 1239 918 1307 oneri,
952 1259 1130 1314 neque
1159 1239 1416 1315 deprimit
1441 1260 1602 1295 auras
1626 1261 1639 1295 ε

165 1341 244 1396 Ut
273 1359 370 1395 sua
396 1339 595 1414 cuique
620 1338 833 1399 homini
864 1337 1016 1393 nullo
1042 1351 1169 1394 sunt
1200 1339 1444 1415 pondere
1476 1332 1750 1410 membra,

164 1440 280 1495 Nec
307 1449 471 1515 caput
501 1449 582 1493 est
605 1437 758 1492 oneri
791 1436 958 1509 οοΙΙο,
994 1459 1091 1493 nec
1125 1438 1358 1514 denique
1391 1449 1568 1530 totum

165 1538 424 1615 Corporis
450 1538 506 1592 in
534 1536 763 1614 pedibus
786 1536 1002 1613 pondus
1032 1539 1295 1593 sentimus
1322 1539 1531 1610 inesse3

164 1639 236 1692 At
258 1656 592 1712 quaecunque
617 1636 748 1691 foris
777 1636 1031 1706 veniunt,
1066 1636 1407 1712 impostaque
1429 1636 1589 1691 nobis

163 1735 410 1792 Pondera
438 1748 594 1805 sunt,
628 1733 854 1804 laedunt,
882 1734 1156 1812 permulto
1189 1756 1328 1812 saepe
1363 1738 1578 1792 minora
1604 1760 1615 1792 :

166 1837 350 1911 Usque
379 1834 515 1890 adeo
545 1836 727 1912 magni
756 1834 945 1901 refert,
974 1836 1060 1891 cui
1090 1856 1210 1911 quae
1242 1835 1488 1912 adjaceat
1514 1851 1598 1892 res
1623 1859 1636 1892 :

161 1936 250 1991 Sic
278 1933 448 2012 igitur
480 1932 642 1990 tellus
674 1955 787 1990 non
812 1946 894 1990 est
917 1933 1093 1991 aliena
1128 1949 1354 2013 repente

157 2032 384 2106 Adlata‚
417 2025 583 2110 atque
611 2034 758 2089 auris
793 2032 1011 2090 aliunde
1034 2035 1248 2112 objecta
1280 2034 1472 2093 alienis
1490 2058 1504 2108 3

106 2201 109 2203 ¹
157 2132 262 2189 Sed
290 2133 493 2210 pariter
516 2134 690 2210 prima
720 2145 983 2211 concepta
1015 2135 1084 2190 ab
1113 2136 1325 2212 origine
1352 2128 1579 2206 mundi,

155 2234 425 2308 Certaque
454 2253 578 2308 pars
605 2233 719 2308 ejus
738 2274 752 2303 ,
780 2234 934 2309 quasi
955 2228 1119 2289 'nobis
1147 2234 1421 2306 membra,
1451 2225 1681 2290 videtur.

232 2334 499 2387 Praeterea
526 2330 718 2409 grandi
746 2333 952 2388 tonitru
979 2353 1264 2404 concussa,
1294 2346 1522 2409 repente

154 2434 350 2504 Terra,
377 2418 540 2508 supra
568 2451 625 2487 se
650 2451 770 2507 quae
795 2444 948 2504 sunt,
979 2434 1225 2496 concutit
1251 2434 1437 2487 omnia
1468 2445 1656 2504 motu;

154 2529 320 2603 Quod
348 2529 525 2587 facere
550 2530 696 2587 haud
728 2529 837 2586 ulla
866 2543 1046 2608 posset
1074 2531 1285 2586 ratione
1302 2574 1317 2601 ,
1347 2531 1451 2587 nisi
1477 2544 1616 2588 esset

153 2629 404 2687 Partibus
429 2630 587 2686 aeriis
616 2629 807 2685 mundi
838 2624 1082 2706 coeloque
1111 2631 1389 2686 revincta:

152 2730 293 2786 Nam
323 2725 701 2785 communibus
729 2730 871 2785 inter
899 2749 955 2785 se
983 2729 1258 2786 radicibus
1276 2730 1497 2785 ‘haerent
1515 2771 1530 2800 ,

154 2831 236 2885 Ex
265 2829 486 2884 ineunte
507 2849 620 2885 aevo
650 2824 970 2906 conjuncta,
1006 2841 1168 2906 atque
1200 2830 1381 2885 uniter
1409 2841 1551 2905 apta.

155 2928 354 2984 Nonne
379 2925 527 2983 vides
553 2930 738 3000 etiam,
766 2950 930 3005 quam
958 2950 1159 3007 magno
1185 2928 1423 3007 pondere
1453 2928 1609 2983 nobis

154 3027 427 3082 Sustineat
453 3045 650 3102 corpus
684 3030 1000 3085 tenuissima
1030 3030 1111 3085 vis
1138 3025 1374 3098 animai,

155 3124 448 3203 Propterea
475 3126 603 3202 quia
630 3137 740 3181 tam
770 3130 1082 3206 conjuncta,
1115 3141 1275 3205 atque
1303 3129 1482 3184 uniter
1505 3139 1632 3206 apta
1660 3125 1779 3183 est?

157 3225 406 3302 Denique
424 3225 537 3301 jam
566 3223 705 3281 saltu
735 3228 939 3303 pernici
965 3227 1155 3284 tollere
1181 3247 1377 3304 corpus

158 3322 295 3395 Quis
319 3325 460 3402 potis
486 3337 591 3397 est,
620 3325 720 3381 nisi
753 3325 832 3381 vis
855 3328 1044 3383 animae
1076 3348 1195 3405 quae
1226 3327 1469 3384 membra
1502 3323 1810 3404 gubernat?

1530 3447 1612 3482 12.
