2320 3866
397 255 488 300 206
967 253 1019 296 T.
1060 252 1350 299 LUCRETII
1387 253 1532 298 CARI
1879 254 1930 304 (v.
1952 257 2025 303 134
2038 259 2088 309 ι.)

394 362 523 418 Non
554 357 795 434 quierint
821 357 1003 413 animo
1032 359 1343 433 praesentit-,e
1371 368 1532 433 atque
1564 355 1776 426 videre,

394 460 576 531 Quam
604 477 891 514 commune
918 456 1123 515 malum
1155 457 1333 513 fuerat
1357 456 1667 533 foedumque
1697 455 1942 512 futurum
1979 478 1991 512 :

392 560 466 614 Et
494 559 666 634 magis
696 557 755 619 id
779 558 948 633 possis
978 556 1182 613 factum
1209 557 1535 613 contendere
1570 557 1626 611 in
1657 557 1841 628 omni,

391 660 456 712 In
492 658 653 713 variis
683 657 902 713 mundis
932 658 1081 713 varia
1110 658 1319 712 ratione
1351 658 1571 733 creati3‚

390 757 573 828 Quam
603 769 751 812 certo
782 769 943 833 atque
972 777 1083 812 uno
1119 769 1385 813 terrarum
1411 755 1653 833 quolibet
1688 757 1824 811 orbi.

389 855 493 910 Sed
520 856 693 912 facere
719 856 775 911 id
806 878 917 912 non
953 868 1064 911 tam
1093 856 1345 912 vincendi
1375 877 1468 933 spe
1496 855 1787 912 voluerunt
1807 899 1822 928 ‚

388 956 567 1027 Quam
602 955 729 1010 dare
763 956 911 1031 quod
940 968 1213 1032 gemerent
1239 956 1443 1028 hostes,
1480 956 1690 1033 ipsique
1721 956 1920 1033 perire,

387 1055 500 1127 Qui
531 1074 759 1108 numero
789 1054 1130 1126 diffidebant,
1159 1057 1433 1130 armisque
1466 1056 1748 1110 vacabant.

467 1153 670 1208 Nexilis
702 1164 825 1206 ante
855 1152 959 1207 fuit
982 1131 1175 1223 vestiS‚
1204 1172 1366 1228 quam
1394 1151 1578 1207 textile
1609 1164 1824 1230 tegmen
1855 1175 1866 1208 ε

385 1251 590 1307 Textile
619 1264 742 1329 post
769 1251 973 1306 ferrum
1003 1263 1116 1322 est3
1145 1252 1272 1327 quia
1299 1251 1444 1306 ferro
1476 1250 1583 1305 tela
1609 1264 1875 1328 parantur
1907 1274 1918 1307 :

386 1353 439 1408 N
442 1371 503 1406 ec
531 1352 741 1406 ratione
769 1350 874 1405 alia
903 1362 1134 1427 possunt
1160 1362 1272 1405 tam
1305 1350 1458 1405 laevia
1484 1351 1633 1427 gigni

384 1450 596 1521 Insilia,
623 1472 686 1507 ac
715 1451 848 1522 fusi,
879 1462 933 1505 et
959 1449 1125 1521 radii,
1152 1451 1409 1527 scapique
1441 1442 1712 1506 sonantes.

464 1554 538 1605 Et
570 1550 745 1606 facere
775 1563 900 1606 ante
926 1554 1073 1606 viros
1103 1549 1284 1606 lanam
1319 1552 1530 1606 Natura
1560 1551 1770 1627 coegit,

390 1650 571 1721 Quam
603 1649 866 1705 muliebre
895 1670 1097 1726 genus3
1129 1670 1258 1704 nam
1291 1647 1456 1726 longe
1486 1660 1704 1726 praestat
1737 1649 1794 1703 in
1827 1660 1943 1703 arte
1962 1690 1977 1720 ,

386 1753 458 1805 Et
487 1749 734 1806 solertius
769 1762 848 1804 est
875 1748 1049 1805 multo
1077 1769 1250 1825 genus
1279 1769 1439 1804 omne
1466 1747 1624 1804 virile
1652 1770 1664 1803 z

385 1848 652 1926 Agricolae
681 1849 851 1905 donec
881 1850 1016 1904 vitio
1041 1861 1253 1904 vertere
1280 1849 1479 1919 severi,

385 1951 464 2004 Ut
494 1948 851 2004 muliebribus
879 1947 935 2003 id
963 1948 1216 2004 manibus
1244 1946 1542 2003 concedere
1570 1945 1795 2017 vellent,

384 2051 567 2123 Atque
599 2047 701 2123 ipsi
730 2048 914 2124 potius
946 2046 1149 2102 durum
1177 2047 1406 2102 sufferre
1435 2046 1711 2116 laborem3

381 2152 559 2223 Atque
589 2166 753 2222 opere
788 2147 845 2201 in
869 2145 1009 2201 duro
1038 2145 1299 2202 durarent
1332 2146 1577 2201 membra
1610 2164 1928 2222 manusque.

412 2304 420 2312 ,
462 2249 536 2302 At
565 2247 838 2322 specimen
866 2246 1090 2319 sationis
1107 2288 1122 2315 ‚
1152 2257 1207 2301 et
1235 2246 1506 2301 insitionis
1535 2245 1691 2321 origo

381 2347 507 2422 Ipsa
535 2344 640 2399 fuit
665 2359 852 2399 rerum
879 2347 1118 2420 primum
1147 2336 1364 2402 Natura
1395 2345 1629 2401 creatrix
1657 2359 1679 2399 ε’

383 2444 686 2500 Arboribus
715 2444 976 2519 quoniam
1002 2444 1205 2517 baccae,
1236 2443 1569 2523 glandesque
1597 2443 1812 2499 caducae

383 2544 731 2619 Tempestiva
759 2541 960 2598 dabant
993 2542 1271 2619 pullorum
1305 2543 1556 2598 examina
1583 2543 1784 2598 subter.

382 2641 545 2698 Unde
569 2643 732 2698 etiam
759 2641 977 2698 lihitum
1001 2654 1084 2698 est
1108 2643 1303 2720 stirpes
1327 2643 1666 2698 committere
1687 2641 1856 2697 ramis
1873 2683 1889 2713 ‚

380 2746 451 2798 Et
483 2763 624 2798 nova
657 2742 909 2801 defodere
938 2742 994 2798 in
1025 2754 1226 2799 terram
1259 2741 1498 2819 virgulta
1533 2762 1631 2819 per
1661 2761 1821 2819 agros
1859 2761 1870 2796 :

381 2841 517 2898 Inde
543 2841 704 2898 aliam
736 2855 901 2919 atque
932 2838 1094 2898 aliam
1126 2841 1399 2898 culturam
1430 2839 1603 2897 dulcis
1638 2839 1797 2919 agelli

382 2942 723 3013 Tentabant,
753 2941 1072 3019 fructusque
1098 2941 1240 2997 feros
1272 2961 1646 2997 mansuescere
1679 2953 1824 2996 terra

382 3042 690 3098 Cernebant
722 3041 1090 3120 indulgendo,
1119 3040 1425 3118 blandeque
1457 3039 1685 3097 colendo
1716 3063 1728 3095 :

365 3142 554 3217 'Inque
586 3141 702 3197 dies
730 3143 900 3219 magis
927 3143 984 3197 in
1017 3153 1261 3198 montem
1294 3140 1578 3198 succedere
1605 3139 1779 3218 sylvas

382 3239 692 3315 Cogebant,
722 3240 968 3317 infraque
1002 3241 1181 3298 locum
1212 3242 1509 3298 concedere
1540 3238 1700 3297 cultis
1732 3260 1744 3271 ·

2277 673 2288 682 ι

2311 689 2320 812 ...ἡ-
2317 670 2320 676 .
