2320 3866
413 247 438 274 2
449 229 503 274 :38
1019 227 1503 274 ADNOTATIONES

410 327 591 369 Vnae.
631 323 824 369 «Fascia
850 323 899 367 in
930 323 1123 369 modum
1155 323 1457 380 diadematis,
1483 338 1508 368 a
1545 337 1635 382 qua
1670 335 1726 366 ex
1769 328 1960 380 utraque
1988 329 2119 379 parte

411 401 536 446 vittae
559 399 839 461 dependent.
870 418 889 439 »
915 399 1120 444 Smwms
1150 399 1210 444 ad
1234 401 1366 454 AEn.,
1393 415 1423 444 x
1439 434 1451 458 ,
1477 397 1585 444 538.

476 481 546 539 (v.
582 474 684 539 89).
727 477 923 521 Sensum
940 475 1082 521 Wak.
1121 484 1244 520 recte
1282 471 1494 534 explicat.
1532 473 1684 519 Infula
1719 471 1907 533 profusa
1953 479 2021 517 est
2065 486 2121 516 ex

410 562 603 614 utraque
642 553 892 609 malarum,
922 561 968 597 et
1011 550 1200 612 quidem
1229 551 1332 611 pari
1368 559 1525 611 parte,
1560 551 1591 597 i.
1631 565 1670 596 e.
1706 564 1835 610 aequa
1870 547 2123 608 utrobique

410 646 650 686 mensura,
678 630 754 674 vel
780 628 1053 688 simpliciter
1075 628 1179 688 pari
1203 627 1511 687 longitudine.

476 707 702 766 Princeps
722 702 796 768 (v.
814 704 915 766 95).
940 704 1108 749 Prima.
1127 705 1239 749 Erat
1255 703 1380 748 enim
1395 710 1644 767 πρωτότοκος
1667 701 1789 747 inter
1806 702 2123 761 Agamemno-

414 783 487 828 nis
520 783 710 828 liberos.
740 781 815 828 Sic
847 781 947 841 ipsa
978 781 1103 841 apud
1135 779 1432 840 Euripidem,
1466 780 1578 839 Iph.
1604 780 1651 823 in
1680 780 1789 823 Aul.
1808 811 1822 833 ‚
1849 793 1894 822 v.
1935 776 2056 822 1206
2084 791 2095 819 :

608 906 752 963 Πρώτη
778 910 816 947 σ’
839 907 1014 949 ἐκάλεσα
1035 906 1219 963 πατέρα,
1241 904 1311 948 καὶ
1343 905 1390 946 σὺ
1423 900 1545 947 παῖδ’
1573 905 1656 961 ἐμέ.

478 1029 734 1072 Mactata...
766 1027 982 1087 parentis
1016 1024 1081 1089 (v.
1136 1025 1261 1089 100).
1301 1025 1525 1071 Similiter
1560 1024 1834 1085 Euripides,
1881 1022 2039 1083 Iphig.
2082 1021 2128 1066 in

411 1107 547 1160 Aul.,
580 1103 701 1157 1164
728 1119 740 1147 ε

613 1220 827 1269 Ᾰπώλεσέν
858 1231 907 1278 σ“,
940 1223 970 1267 ὦ
1002 1226 1162 1277 τέκνον,
1186 1225 1204 1266 ὁ
1229 1225 1396 1281 φιτύσας
1428 1224 1564 1280 πατήρ

612 1305 739 1352 Αὐτὸς
767 1305 945 1354 κτανὼν,
969 1303 1038 1344 οὐκ
1072 1302 1206 1353 ἄλλος,
1232 1297 1306 1343 οὐδ
1329 1301 1428 1356 ἄλλῃ
1455 1300 1552 1358 χερί.

487 1429 697 1472 Tutemet
732 1422 802 1488 (v.
836 1424 923 1469 103
934 1421 965 1487 ).
991 1443 1011 1464 «
1032 1424 1208 1468 lterum
1232 1421 1417 1476 dubitat
1447 1420 1685 1466 Lucretius
1708 1435 1767 1465 ne
1782 1419 2028 1464 Memmius
2051 1434 2132 1463 ce-

413 1506 529 1551 dens
551 1512 802 1565 poetarum
831 1501 1004 1546 fabulis
1028 1500 1196 1562 quibus
1216 1492 1416 1559 jamdiu
1436 1484 1726 1555 assueverat,
1762 1495 2009 1557 opiniones
2032 1511 2133 1541 suas

414 1589 665 1627 aversetur.
692 1580 870 1623 Harum
893 1577 1003 1623 ideo
1027 1576 1123 1622 vim
1146 1577 1326 1633 elevat,
1351 1574 1642 1636 suggerendo
1665 1574 1774 1619 istas
1805 1574 1984 1619 fabulas
2006 1588 2136 1619 mera

413 1647 573 1703 forsan
597 1671 694 1701 esse
719 1655 979 1700 otiosorum
1001 1662 1247 1714 poetarum
1277 1647 1568 1708 commenta3
1598 1651 1698 1711 ipse
1729 1651 1854 1696 enim
1876 1650 2031 1710 potuit
2059 1650 2134 1695 fa-

414 1734 545 1779 bulas
568 1731 745 1793 fingere
770 1748 870 1793 quae
895 1739 1046 1776 essent
1069 1746 1199 1791 aeque
1231 1745 1283 1774 ac
1307 1729 1395 1774 illae
1418 1727 1700 1774 terribiles.»
1727 1727 1938 1772 Cmfflcn.

481 1813 548 1856 Et
575 1820 736 1855 mento
772 1807 841 1872 (v.
882 1806 1013 1872 108).
1050 1829 1070 1850 «
1091 1810 1286 1853 Sensum
1310 1805 1443 1866 hujus
1483 1820 1643 1850 versus
1682 1813 1727 1850 et
1761 1820 1866 1849 cum
1899 1803 2136 1864 prioribus

415 1903 681 1933 connexum
704 1901 790 1931 nec
814 1885 1016 1931 editores
1046 1885 1155 1929 satis
1179 1884 1584 1939 demonstrarunt,
1611 1898 1698 1927 nec
1729 1897 1896 1927 censor
1916 1881 2138 1926 Knebelii

414 1964 465 2009 in
489 1965 690 2025 Ephem.
723 1964 840 2017 li.‚ct
868 1962 971 2006 Hal.
983 1960 1169 2019 ‚,1823
1193 1956 1265 2006 ch.
1293 1961 1411 2022 239,
1437 1969 1560 2005 recte
1577 1959 1753 2020 cepisse
1776 1959 1975 2004 videtur.
2007 1959 2136 2004 Sim-

415 2042 670 2101 plicissima
703 2040 824 2086 ratio
847 2039 965 2084 mihi
996 2039 1093 2083 haec
1126 2038 1329 2095 videtur,
1357 2047 1407 2083 ut
1439 2038 1583 2083 verba
1613 2047 1659 2082 et
1686 2037 1845 2082 merito
1876 2037 2138 2082 referantur

416 2125 599 2163 tantum
629 2117 690 2162 ad
719 2131 907 2166 versum
942 2115 1158 2176 proxime
1188 2116 1531 2175 praecedentem
1574 2123 1620 2159 et
1654 2114 1778 2159 dieta
1816 2100 2160 2175 intelligantur*

415 2210 505 2255 pro
552 2194 834 2248 necessario,
878 2192 1008 2253 quod
1040 2208 1138 2237 non
1167 2192 1338 2236 mirum
1363 2200 1458 2248 est,
1494 2192 1627 2252 quod
1661 2191 1796 2236 aliter
1831 2190 1935 2237 fieri
1976 2192 2139 2253 nequit

416 2270 617 2334 (scilicet
643 2280 689 2316 te
715 2271 1015 2316 vehementer
1031 2269 1193 2314 terreri
1211 2269 1379 2314 fabulis
1395 2269 1487 2313 illis
1501 2302 1514 2325 ,
1538 2284 1638 2328 quae
1654 2283 1742 2329 ego
1760 2285 1948 2329 quoque
1962 2303 1975 2326 ‚
1991 2277 2042 2313 ut
2065 2268 2140 2314 ‹Se-

418 2349 507 2393 teri
529 2356 706 2408 poetae,
728 2348 819 2391 tibi
850 2345 1027 2407 fingere
1059 2343 1283 2407 possim),
1314 2345 1425 2406 quia
1443 2345 1661 2390 homines
1696 2344 1850 2407 (quod
1873 2346 2138 2391 verecunde

419 2424 596 2469 dictum
620 2431 688 2469 est
711 2438 798 2482 pro
826 2433 897 2477 tu,
923 2423 1120 2482 perinde
1148 2439 1200 2467 ac
1224 2422 1307 2467 alii¹
1325 2421 1539 2467 homines
1555 2422 1601 2485 ),
1630 2408 1714 2482 qui
1739 2422 1925 2468 veriora
1947 2422 2139 2481 Epicuri

419 2500 638 2560 dogmata
666 2515 764 2544 non
803 2507 1062 2558 sequuntur
1078 2531 1091 2554 ,
1115 2498 1327 2543 nesciunt
1342 2534 1355 2556 ‚
1380 2507 1534 2543 morte
1570 2498 1725 2543 omnia
1758 2496 1913 2555 finiri,
1937 2499 2138 2559 ideoque

418 2577 537 2622 iram
560 2577 784 2633 deorum,
809 2590 967 2636 poenas
991 2574 1272 2634 inferorum,
1303 2583 1388 2619 etc.
1402 2610 1416 2632 ,
1439 2583 1614 2620 temere
1636 2583 1901 2619 metuunt.»
1925 2576 1962 2620 F
1964 2591 2133 2620 omno.

486 2654 718 2698 Restandi
731 2651 801 2714 (v.
835 2668 919 2697 111
935 2650 966 2715 ).
992 2653 1029 2696 I.
1057 2667 1095 2697 e.
1122 2650 1383 2696 resistendi.
1410 2652 1486 2697 Sic
1509 2652 1689 2708 Livius,
1716 2667 1789 2707 ιν,
1808 2649 1869 2695 58
1888 2668 1898 2695 :
1917 2671 1942 2693 α
1958 2668 2139 2699 summa

420 2731 468 2775 vi
491 2739 665 2775 restare
694 2729 1050 2774 nunciabantur.
1080 2748 1100 2769 »
1135 2728 1255 2774 Vide
1288 2728 1427 2774 etiam
1451 2729 1623 2786 Ovum,
1649 2729 1802 2784 Fam,
1844 2745 1910 2786 11,
1954 2734 2070 2791 749,
2095 2740 2140 2776 et

419 2807 693 2852 Bnomfflus.
710 2807 770 2852 ad
792 2810 959 2866 Prop.,
982 2821 1069 2863 111,
1093 2804 1149 2861 6,
1176 2806 1252 2850 31.

488 2886 667 2929 Poenas
693 2886 942 2930 timendum
966 2881 1036 2947 (v.
1077 2882 1208 2946 112).
1242 2882 1539 2928 Constructio
1563 2867 1918 2930 ad'Graecorum
1940 2898 2142 2930 consue-

422 2961 635 3006 tudinem
658 2961 1032 3018 accommodata,
1065 2970 1114 3005 ut
1140 2977 1157 3005 1
1174 2994 1187 3018 ,
1219 2960 1333 3021 139,
1355 2961 1502 3004 multa
1525 2961 1756 3021 agendum
1771 2977 1791 3016 ,-
1816 2976 1859 3018 1,
1894 2960 2012 3017 382,
2038 2961 2141 3021 prl-

424 3038 623 3082 vandum
653 3054 849 3099 corpora
863 3054 881 3092 ;
921 3054 985 3095 11,
1019 3044 1137 3098 492,
1162 3037 1432 3082 addendum
1458 3047 1637 3097 partes.
1666 3038 1774 3098 Ipse
1811 3038 1950 3084 etiam
1974 3038 2138 3098 Virgi-

423 3113 533 3172 lius,
566 3131 640 3172 x1,
666 3115 760 3159 230
789 3131 798 3158 :

598 3263 738 3273 .....
764 3236 902 3274 Pacem
927 3234 1079 3287 trojano
1099 3232 1150 3273 ab
1173 3245 1262 3284 rege
1285 3232 1511 3286 petendum.
