2320 3866
424 266 512 320 342
769 264 1254 309 ADNOTATIONES
1288 265 1354 308 IN
1394 265 1773 312 LUCRETIUM.

487 359 703 404 Poenz‘bat
725 356 788 422 (v.
818 355 986 422 1238).
1018 359 1055 402 Ι.
1081 373 1120 403 e.
1145 358 1383 418 puniebat.
1408 359 1517 406 Vid.
1545 360 1607 407 ad
1638 377 1658 405 1
1674 395 1688 419 ‚
1723 363 1797 408 30.

494 423 586 494 Qui
594 435 795 495 fuerant
821 445 972 479 autem
992 445 1172 494 proesto
1195 432 1259 498 (v.
1294 433 1451 499 1241).
1484 437 1578 495 Qui
1601 445 1755 483 autem
1773 438 1985 484 visebant
2006 441 2119 485 ami-r

420 526 499 555 cos
522 527 630 555 suos
650 526 818 572 aegros,
840 510 930 568 illi,
958 510 1175 572 contagio
1198 510 1376 569 affecti,
1400 512 1553 568 ibant,
1587 512 1619 557 i.
1649 527 1695 559 e,
1725 513 1943 574 abibant,
1972 515 2115 562 inter·-

418 586 564 631 ibant.

483 660 547 726 (v.
579 659 740 722 1245.)
765 663 918 708 Faber
944 663 1067 722 conj.
1092 666 1239 724 Inque
1257 664 1366 708 aliis
1387 663 1510 708 alius
1515 668 1740 725 populum
1748 682 1766 721 ,-
1783 666 1867 711 sed
1879 681 1977 711 non
2000 681 2120 727 opus

418 748 486 784 est
508 738 802 797 conjectura,
829 739 867 784 si
890 754 996 783 cum
1025 739 1106 785 Pio
1136 754 1226 799 per
1251 739 1589 799 appositionem
1609 739 1967 801 interpretamur
1993 758 2005 787 ε
2028 762 2048 783 «
2063 744 2118 787 Et
2165 770 2175 778 -

417 815 628 860 certatim
649 823 903 876 satagentes
931 815 1278 860 multitudinem
1300 831 1518 874 suorum,
1544 816 1737 862 alterum
1763 827 1872 877 post
1897 819 2120 876 alterum,

417 891 685 951 sepeliendo
699 926 712 948 ‚
730 891 922 936 domum
949 891 1260 952 repedabant,
1289 899 1376 936 etc.
1395 911 1416 932 2,

479 968 729 1011 Minimum
755 968 929 1026 partim
952 965 1015 1029 (v.
1049 966 1204 1028 1257).
1236 968 1311 1012 Sic
1335 968 1493 1028 vulgo.
1522 967 1713 1014 Rectius
1741 977 1892 1014 autem
1922 970 2119 1016 Haverc.

416 1052 463 1087 et
487 1043 683 1087 seriores
705 1058 811 1086 cum
841 1042 1056 1086 omnibus
1085 1042 1182 1086 fere
1215 1042 1365 1098 libris,
1386 1043 1628 1086 minimam
1646 1053 1850 1103 partem.

479 1119 689 1178 AEgronk
712 1119 760 1161 in
774 1117 926 1161 urbem
952 1114 1015 1179 (v.
1052 1115 1208 1180 1257).
1234 1116 1416 1162 Wakef.
1438 1116 1587 1162 edidit
1610 1133 1775 1163 moems
1798 1121 1838 1164 is
1864 1122 1912 1164 in
1939 1123 2120 1177 urbem,

415 1195 549 1256 quod
571 1211 754 1240 sensum
784 1203 907 1239 certe
931 1194 1107 1253 praebet
1136 1193 1378 1252 aptiorem.

481 1270 542 1335 (v.
566 1265 723 1329 1263.)
761 1272 832 1316 De
855 1270 1028 1314 Silanis
1056 1269 1258 1315 Orellius
1274 1269 1475 1315 conferri
1497 1269 1633 1329 jubet
1664 1270 1879 1316 'visconti
1912 1272 2123 1316 Musnuu

413 1350 712 1405 Plo-Cum„
741 1363 757 1391 1
777 1382 790 1405 ‚
819 1363 866 1407 p.
901 1362 1021 1404 217,
1049 1362 1169 1406 219,
1197 1348 1267 1392 ed.
1295 1347 1489 1391 Mediol.

480 1425 761 1470 AEdieuentes
777 1421 841 1486 (ν.
864 1420 1027 1486 1273).
1053 1421 1174 1479 Ᾰπαξ
1199 1430 1405 1487 λεγόμενον
1426 1422 1629 1467 videtur.
1650 1424 1904 1483 Propterea
1925 1421 2125 1481 Gellius,

414 1502 473 1546 N.
505 1504 593 1555 A.,
625 1516 731 1558 x11,
768 1515 847 1557 10,
873 1498 953 1543 fin.
990 1516 1000 1544 ε
1032 1499 1213 1544 «Titus
1253 1508 1408 1544 autem
1436 1499 1680 1545 Lucretius
1717 1499 1768 1544 in
1797 1498 1998 1544 carmine
2037 1513 2125 1558 suo

413 1594 503 1639 pro
534 1579 745 1631 oedztuis,
777 1578 1045 1621 oedituentes
1080 1578 1347 1636 appellata

480 1651 541 1716 (v.
580 1650 1639 1714 1281.)Cf.Ov1n.‚Met.,v11‚etS12.1‹ssc.,
1671 1649 1921 1709 0Ed.‚64‚

1735 1787 2027 1832 REGNIER.

1168 2288 1359 2326 FINIS.
