2340 3926
438 315 492 359 18
875 313 877 315 ’
1004 315 1055 357 Τ.
1095 315 1385 359 LUCRETII
1422 314 1562 358 CARI
1942 315 2123 365 <v.500.)

427 422 618 498 Cogit,
648 419 795 488 adeS,
829 418 1014 493 paucis
1049 418 1179 472 dum
1212 419 1453 474 versibus
1485 416 1860 494 expediamu5,

425 523 551 576 Esse
579 540 664 591 ea,
695 540 811 594 quae
837 516 1007 572 solido
1036 528 1196 592 atque
1224 529 1424 571 aeterno
1453 537 1680 592 corpore
1704 525 1977 584 constent,

428 620 645 673 Semina
680 638 796 692 quae
830 636 1012 671 rerum
1046 614 1450 690 primordiaque
1482 635 1596 670 esse
1627 615 1910 686 docemus,

424 718 584 774 Unde
619 718 794 772 omnis
826 734 1009 771 rerum
1041 734 1188 769 nunc
1221 725 1431 768 constet
1460 733 1672 768 summa
1696 725 1892 769 creata.

496 816 800 891 PrincipiO,
831 814 1090 890 quoniam
1123 811 1323 888 duplex
1355 822 1551 866 natura
1583 811 1814 866 duarum

419 914 707 969 Dissimilis
741 935 924 971 rerum
958 912 1119 990 longe
1150 922 1398 967 constare
1430 920 1644 986 reperta
1674 920 1789 981 est,

418 1013 677 1089 Corporis
704 1024 866 1088 atque
895 1012 1030 1083 loci,
1060 1032 1146 1066 res
1180 1013 1237 1066 in
1268 1031 1379 1085 quo
1413 1030 1641 1085 quaeque
1672 1019 1939 1086 geruntur
1972 1030 1983 1062 :

414 1115 542 1168 Esse
575 1124 862 1186 utramque
890 1112 992 1166 sibi
1027 1131 1124 1186 per
1158 1130 1245 1181 se,
1275 1129 1578 1186 puramque
1610 1128 1826 1164 necesse
1859 1119 1954 1163 est..

413 1213 555 1267 Nam
587 1228 910 1284 quacunque
943 1221 1096 1264 vacat
1130 1210 1397 1285 spatium,
1431 1208 1579 1283 quod
1609 1209 1769 1262 inane
1796 1224 2078 1278 vocamUS,

413 1310 624 1382 Corpus
657 1327 721 1361 ea
748 1327 859 1360 non
891 1318 972 1360 est
1008 1328 1020 1361 ε
1057 1328 1165 1381 qua
1195 1329 1360 1382 porro
1392 1327 1626 1382 cumque
1654 1319 1805 1361 tenet
1830 1327 1886 1361 se

410 1408 621 1481 Corpus
639 1447 654 1475 ,
681 1424 745 1459 ea
769 1423 1003 1459 vacuum
1029 1424 1376 1479 nequaquam
1410 1416 1624 1459 constat
1657 1405 1835 1458 inane.

410 1488 551 1560 Sunt
579 1505 747 1581 igitur
777 1502 975 1572 solida,
1005 1523 1068 1558 ac
1093 1504 1209 1558 sine
1236 1503 1387 1557 inani
1419 1497 1650 1578 corpora
1678 1503 1867 1578 prima.

409 1606 674 1659 Praeterea
707 1603 967 1677 quoniam
994 1603 1188 1677 genitis
1216 1604 1273 1656 in
1298 1602 1457 1657 rebus
1485 1604 1647 1669 inane
1682 1615 1762 1657 est
1779 1646 1794 1675 ,

405 1702 694 1760 Materiem
727 1702 932 1756 circum
960 1699 1188 1756 solidam
1221 1713 1471 1756 constare
1499 1721 1713 1756 necesse
1742 1713 1824 1756 est

403 1802 515 1856 Nec
553 1820 633 1855 res
664 1798 776 1854 ulla
810 1812 991 1875 potest
1023 1820 1152 1855 vera
1187 1801 1398 1854 ratione
1429 1795 1650 1875 probari

402 1901 645 1974 Corpore
679 1899 840 1953 inane
872 1919 970 1953 suo
1005 1896 1208 1969 celare,
1244 1910 1409 1973 atque
1444 1899 1592 1953 intus
1608 1885 1845 1968 habere,
1896 1941 1903 1953 .

402 2000 458 2053 Si
493 2018 629 2070 non,
662 1997 811 2072 quod
847 1998 1096 2068 cohibet,
1127 1996 1362 2052 solidum
1397 2009 1647 2053 constare
1676 1996 1966 2070 relinquas,

400 2096 463 2150 Id
490 2105 655 2171 porro
686 2095 823 2151 nihil
855 2116 966 2151 esse
994 2108 1196 2172 potest,
1225 2096 1329 2152 nisi
1359 2096 1605 2151 materiai

400 2193 733 2266 Concilium,
768 2195 914 2273 quod
949 2196 1110 2249 inane
1145 2207 1310 2270 queat
1343 2215 1527 2250 rerum
1558 2194 1829 2277 cohibere.

397 2293 656 2347 Materies
690 2293 874 2368 igitur,
908 2291 1082 2348 solido
1115 2313 1234 2368 quae
1261 2313 1491 2368 corpore
1525 2304 1767 2365 constat,

398 2394 530 2448 Esse
565 2402 765 2445 aeterna
797 2401 1007 2465 potest,
1044 2411 1214 2464 quum
1245 2404 1437 2447 caetera
1461 2391 1839 2448 dissolvantur.

476 2493 617 2545 Tum
646 2510 812 2565 porro
846 2490 891 2545 si
921 2487 998 2543 nil
1031 2500 1170 2544 esset
1201 2489 1348 2565 quod
1380 2492 1540 2547 inane
1571 2505 1812 2563 vacaret,

397 2591 579 2644 Omne
613 2587 756 2643 foret
792 2587 1062 2659 solidum;
1093 2589 1198 2644 nisi
1230 2602 1421 2646 contra
1448 2611 1681 2667 corpora
1714 2589 1851 2655 caeca

394 2692 620 2759 Essent,
653 2708 773 2762 quae
805 2687 923 2743 loca
951 2688 1314 2765 complerent,
1348 2710 1686 2767 quaecunque
1721 2703 1994 2761 tenerent3

395 2791 576 2845 Omne
595 2830 611 2860 ,
643 2788 796 2865 quod
829 2794 953 2857 est}
964 2790 1491 2874 spatiumffvacuum
1519 2803 1793 2848 constaret
1827 2793 2002 2849 inane.

396 2887 637 2946 Alternis
667 2890 836 2967 igitur
867 2889 1129 2944 nimirum
1160 2910 1355 2966 corpus
1389 2891 1537 2947 inani
1756 2927 1789 2966 02

391 2988 726 3044 Distinctum
762 3000 844 3045 est
880 3009 892 3043 :
931 2991 1190 3065 quoniam
1223 3011 1323 3046 nec
1349 2990 1574 3068 plenum
1607 2939 1829 3050 naiii'i'i‘eiiiK
1845 3007 2020 3064 extat,

392 3087 508 3142 Nec
530 3104 699 3162 porro
737 3106 969 3143 vacuum
1003 3109 1015 3143 :
1055 3101 1184 3144 sunt
1217 3111 1348 3168 ergo
1381 3112 1610 3168 corpora
1641 3108 1812 3164 caeca,

393 3184 531 3255 Quae
567 3186 802 3261 spatium
837 3186 998 3262 pleno
1032 3189 1239 3264 possint
1272 3189 1603 3267 distinguere
1636 3193 1814 3249 inane.

469 3286 596 3339 Haec
628 3304 806 3361 neque
842 3286 1063 3367 dissolvi
1086 3287 1270 3365 ‘plagis
1304 3291 1637 3352 extrinsecus
1670 3292 1775 3346 icta
