2320 3866
377 258 393 286 1
404 241 464 301 98
932 239 982 280 T.
1019 237 1309 282 LUCRETH
1345 235 1486 280 CARI
1848 233 1899 282 (Ψ.
1923 248 1938 272 1
1952 248 1999 273 10
2010 236 2059 287 ι.)

449 342 582 398 Inde
614 342 796 396 cibum
827 358 1057 414 coquere
1084 359 1146 403 ac
1178 338 1405 394 flammae
1435 335 1646 392 mollire
1664 355 1880 413 ‘vapore

374 442 464 499 Sol
495 442 707 512 docuit,
737 439 996 516 quoniam
1026 438 1307 494 mitescere
1337 435 1507 493 multa
1533 434 1787 491 videbant

371 540 703 598 Verberibus
732 537 1010 594 radiorum
1037 549 1198 613 atque
1226 548 1358 592 aestu
1384 537 1526 591 victa
1554 554 1649 613 per
1677 553 1864 610 agros;

368 643 540 715 Inque
571 638 681 693 dies
714 638 886 714 magis
905 638 969 692 ‘hi
999 637 1203 693 victum
1237 637 1509 712 vitamque
1539 634 1776 711 priorem

370 742 718 796 Commutare
747 737 902 792 novis
926 735 1303 792 monstrabant
1331 734 1492 790 rebus
1521 745 1574 790 et
1605 732 1746 809 igni,

368 837 596 914 Ingenio
626 836 723 915 qui
751 836 1079 911 praestabant
1108 846 1160 890 et
1191 832 1353 890 corde
1385 833 1657 911 vigebant.

449 935 698 993 Condere
727 947 1009 1011 coeperunt
1040 934 1197 990 urbes
1228 953 1514 1008 arcemque
1540 931 1742 987 locarev

368 1034 682 1091 Praesidium
712 1053 864 1109 reges
891 1034 994 1108 ipsi
1025 1032 1127 1087 sibi
1154 1032 1602 1108 perfugiumque3

369 1135 437 1188 Et
464 1130 696 1208 pecudes
723 1143 777 1185 et
804 1150 960 1206 agros
987 1129 1242 1201 divisere,
1274 1141 1436 1204 atque
1464 1128 1662 1218 dedege

368 1233 474 1286 Pro
505 1228 638 1285 facie
668 1229 932 1305 cujusque
963 1240 1016 1283 et
1047 1228 1254 1283 viribus
1287 1227 1648 1304 ingenioque3

366 1330 508 1386 Nam
536 1327 697 1384 facies
722 1325 957 1383 multum
983 1325 1157 1382 valuit
1173 1370 1189 1395 ‚
1221 1327 1471 1402 viresque
1498 1325 1755 1403 vigebant
1786 1346 1798 1380 :

367 1428 641 1484 Posterius
673 1447 758 1482 res
791 1427 1014 1481 inventa
1044 1437 1157 1497 est,
1191 1446 1496 1501 aurumque
1515 1437 1829 1502 repertum,

366 1524 533 1598 Quod
565 1525 721 1581 facile
750 1537 804 1581 et
832 1525 1025 1581 validis
1057 1537 1110 1580 et
1137 1523 1378 1601 pulchris
1407 1524 1640 1602 dempsit
1666 1524 1929 1580 honorem
1962 1545 1975 1578 τ

368 1625 655 1681 Divitioris
685 1626 829 1680 enim
858 1637 1057 1680 sectam
1084 1622 1407 1700 plerumque
1434 1635 1754 1700 sequuntur,

367 1720 683 1796 Quamlibet
712 1736 765 1778 et
791 1723 956 1779 sortes
983 1735 1036 1778 et
1061 1721 1290 1800 pulchro
1321 1743 1552 1799 corpore
1578 1725 1730 1779 creti.

447 1821 613 1895 Quod
642 1823 686 1876 si
715 1824 835 1897 quis
862 1843 987 1878 vera
1015 1824 1182 1878 vitam
1213 1823 1423 1878 ratione
1452 1823 1745 1899 gubernet,

370 1921 585 1978 Divitiae
618 1919 846 1996 grandes
875 1921 1086 1976 homini
1115 1933 1270 1993 sunt,
1302 1923 1486 1977 vivere
1520 1942 1681 1998 parce

369 2023 546 2096 AEquo
575 2019 759 2073 animo
784 2040 798 2095 ‚¹
830 2040 1005 2094 neque
1037 2022 1183 2076 enim
1218 2033 1299 2077 est
1331 2042 1582 2097 unquam.
1602 2023 1832 2098 penuria
1868 2023 2024 2097 parvi
2058 2042 2070 2075 ε

367 2123 440 2175 At
466 2117 637 2173 claros
667 2137 721 2171 se
749 2117 997 2173 homines
1027 2117 1246 2173 voluere
1273 2139 1389 2174 esse
1414 2132 1576 2195 atque
1610 2131 1881 2196 potenteS,

367 2220 445 2274 Ut
472 2215 824 2271 fundamento
857 2213 1035 2270 stabili
1064 2215 1284 2271 fortuna
1321 2229 1596 2287 maneret,

367 2320 438 2372 Et
462 2314 730 2391 placidam
758 2326 980 2390 possent
1014 2313 1264 2390 opulenti
1290 2314 1484 2392 degere
1517 2318 1685 2372 vitam
1715 2339 1728 2372 ε

367 2414 771 2490 Nequicquam,
797 2413 1059 2486 quoniam
1082 2411 1150 2466 ad
1182 2433 1455 2469 summum
1486 2414 1771 2471 succedere
1806 2415 2070 2470 honorem

369 2516 678 2583 CertanteS,
705 2512 806 2565 iter
835 2508 1090 2566 infestum
1119 2509 1294 2566 fecere
1325 2513 1466 2583 viai3

370 2615 440 2668 Et
468 2623 644 2666 tamen
679 2630 708 2664 e
733 2629 947 2664 summo
979 2609 1134 2684 quasi
1162 2607 1368 2665 fulmen
1403 2610 1587 2686 dejicit
1611 2613 1747 2668 ictos

368 2709 580 2766 Invidia
611 2707 887 2764 interdum
916 2709 1270 2784 contemptim
1301 2710 1357 2764 in
1379 2712 1612 2766 Tartara
1646 2723 1820 2781 tetra;

369 2811 450 2865 Ut
478 2810 644 2864 satius
679 2806 852 2863 multo
876 2808 988 2892 jam
1022 2808 1093 2864 sit
1118 2828 1309 2884 parere
1337 2810 1610 2885 quietum,

371 2910 553 2980 Quam
578 2926 765 2984 regere
792 2907 1022 2982 imperio
1048 2926 1132 2963 res
1162 2906 1322 2978 velle,
1353 2920 1404 2963 et
1432 2928 1603 2985 regna
1633 2921 1815 2965 tenere
1847 2930 1859 2964 :

369 3005 606 3062 Proinde
640 3006 755 3060 sine
785 3000 1059 3090 incassum
1089 3004 1279 3061 defessi
1315 3007 1580 3082 sanguine
1612 3007 1834 3080 sudent,

371 3109 680 3182 Angustum
711 3104 808 3182 per
838 3106 939 3160 iter
965 3104 1228 3162 luctantes
1261 3105 1604 3177 ambitionis3

372 3203 583 3260 Invidia
612 3205 869 3280 quoniam
891 3248 905 3275 ‚
938 3227 1036 3261 ceu
1067 3203 1293 3261 fulmine
1313 3248 1327 3275 ,
1362 3226 1568 3262 summa
1598 3217 1864 3282 vaporant
