2320 3866
448 209 538 256 224
1023 205 1075 248 T.
1114 205 1408 250 LUCRETII
1444 206 1583 250 CARI
1968 205 2150 257 (v.413.)

443 309 518 362 At
546 326 684 381 saepe
708 318 788 360 est
813 326 1041 361 numero
1069 307 1268 364 factum
1290 351 1304 380 ,
1337 308 1562 384 fierique
1590 326 1806 362 necesse
1829 318 1939 378 est,

445 406 525 459 Ut
554 404 742 480 pluere
768 406 824 459 in
857 404 1041 460 multis
1069 407 1378 483 regionibus
1413 419 1468 462 et
1500 406 1692 462 cadere
1722 405 1952 477 imbreS‚

445 503 695 560 Fulmina
724 505 800 560 sic
826 526 936 560 uno
968 505 1084 561 fieri
1117 507 1216 561 sub
1252 518 1493 583 tempore
1521 505 1711 562 multa.

526 607 807 659 Postremo
828 647 842 676 ,
878 625 976 659 cur
1003 617 1188 660 sancta
1216 608 1398 661 Deum
1428 605 1654 661 delubra
1675 648 1689 675 ,
1722 625 1954 681 suasque

446 704 684 759 Discutit
714 704 910 760 infesto
931 703 1230 781 'praeclaras
1263 703 1489 760 fulmine
1532 706 1680 761 sedes
1700 748 1714 777 ,

444 805 514 858 Et
542 803 679 858 bene
714 803 854 861 facta
886 808 1067 861 Deum
1099 805 1300 882 frangit
1337 805 1657 878 simulacra,
1693 806 1911 882 suisque

444 904 635 958 Demit
664 904 994 982 imaginibus
1024 904 1265 960 violento
1291 903 1514 961 volnere
1541 904 1846 961 honorem?

444 1001 677 1078 Altaque
709 1025 807 1059 cur
839 1003 1165 1081 plerumque
1193 1007 1334 1080 petit
1359 1005 1512 1060 loca?
1546 1004 1888 1080 plurimaque
1911 1004 2074 1079 hujus

443 1102 727 1156 Montibus
762 1103 819 1155 in
853 1104 1076 1157 summis
1106 1104 1334 1178 vestigia
1361 1104 1632 1158 cernimus
1662 1102 1834 1179 ignis?

522 1200 691 1269 Quod
721 1212 999 1276 superest,
1035 1200 1192 1256 facile
1221 1213 1300 1255 est
1329 1221 1394 1255 ex
1421 1202 1506 1256 his
1535 1221 1857 1277 cognoscere
1887 1202 2048 1257 rebus
2066 1244 2080 1272 ,

442 1313 763 1352 ΠΡΗΣΤΗΡΑΣ
794 1300 951 1356 Graii
979 1320 1115 1375 quos
1144 1300 1212 1354 ab
1239 1321 1299 1354 re
1329 1301 1759 1372 nominitarunt,

441 1401 507 1454 In
534 1421 684 1455 mare
715 1421 824 1476 qua
854 1400 1003 1455 missi
1034 1400 1255 1455 veniant
1286 1390 1499 1454 ratione
1530 1420 1782 1478 superne.

442 1500 585 1556 Nam
621 1499 710 1572 fit,
742 1512 805 1554 ut
833 1499 1109 1554 interdum
1145 1511 1407 1575 tanquam
1440 1499 1672 1555 demissa
1702 1498 1971 1555 cOlumna

441 1600 509 1653 In
536 1619 687 1653 mare
717 1598 785 1653 de
813 1598 950 1655 coelo
987 1599 1304 1671 descendat,
1338 1620 1502 1675 quam
1532 1599 1670 1655 freta
1698 1601 1905 1655 circum

441 1699 761 1753 Ferviscunt
792 1699 1029 1775 graviter
1059 1699 1390 1775 spirantibus
1422 1699 1591 1754 incita
1620 1698 1832 1771 flabris;

440 1800 515 1852 Et
541 1819 883 1875 quaecunque
911 1799 967 1854 in
1004 1820 1069 1855 eo
1099 1811 1218 1855 tum
1246 1811 1373 1855 sunt
1404 1798 1668 1876 deprensa
1698 1798 1956 1865 tumultu

444 1898 680 1973 Navigia
699 1940 714 1969 ,
748 1899 804 1952 in
840 1919 1114 1954 summum
1145 1900 1373 1954 veniunt
1400 1910 1594 1954 vexata
1623 1897 1907 1975 periclum.

441 1998 563 2051 Hoc
592 1997 682 2068 fit,
710 1997 806 2052 ubi
836 1997 1114 2053 interdum
1143 2019 1254 2054 non
1288 1999 1406 2074 quit
1434 1999 1515 2054 vis
1544 1999 1712 2053 incita
1733 1999 1885 2053 venti

441 2097 744 2171 Rumpere,
779 2116 943 2172 quam
975 2099 1171 2174 coepit,
1201 2097 1437 2168 nubem;
1469 2097 1561 2153 sed
1590 2097 1878 2173 deprimit,
1907 2107 1968 2152 ut
1999 2099 2068 2152 sit

439 2196 506 2249 In
535 2215 684 2250 mare
715 2194 782 2250 de
815 2194 950 2252 coelo
985 2208 1250 2273 tanquam
1285 2196 1520 2252 demissa
1552 2195 1807 2266 columna

442 2291 747 2366 Paulatim,
782 2296 938 2371 quasi
972 2295 1106 2372 quid
1136 2299 1323 2374 pugno
1352 2297 1672 2373 brachiique
1700 2317 1935 2374 superne

440 2392 708 2467 Conje'ctu
740 2394 995 2448 trudatur
1025 2407 1077 2449 et
1112 2394 1437 2452 extendatur
1467 2397 1524 2451 in
1556 2395 1766 2468 undas3

440 2492 625 2563 Quam
652 2513 823 2568 quum
848 2492 1094 2564 discidit,
1129 2494 1257 2549 hinc
1284 2496 1670 2573 prorumpitur
1698 2497 1759 2551 'in
1790 2515 1937 2550 mare
1964 2496 2113 2550 venti

439 2592 566 2662 Vis,
602 2603 657 2647 et
684 2592 955 2649 fervorem
984 2593 1187 2648 mirum
1212 2575 1508 2654 concinnat
1535 2596 1592 2650 in
1627 2594 1816 2666 undis3

440 2680 834 2748 Versabundus
862 2693 1204 2748 enim‘turbo
1237 2693 1540 2763 descendit,
1573 2707 1628 2749 et
1662 2691 1811 2748 illam

440 2790 679 2847 Deducit
703 2792 908 2869 pariter·
934 2793 1081 2848 lento
1110 2814 1235 2848 cum
1269 2814 1497 2871 corpore
1526 2794 1728 2849 nubem
1762 2816 1774 2848 :

442 2889 624 2960 Quam
652 2890 814 2946 simul
843 2913 906 2948 ac
937 2892 1218 2969 gravidam
1246 2892 1476 2949 detrusit
1503 2892 1571 2949 ad
1599 2914 1820 2970 aequora
1847 2895 2035 2970 ponti,

439 2986 538 3045 Ille
568 2990 624 3045 in
649 3011 847 3067 aquam
877 2993 1058 3048 subito
1089 3004 1264 3049 totum
1294 3014 1350 3049 se
1378 2994 1649 3064 immittit,
1681 3005 1735 3050 et
1766 3015 1929 3050 omne

440 3090 656 3146 Excitat
686 3091 893 3168 ingenti
923 3093 1106 3148 sonitu
1134 3113 1283 3148 mare
1312 3093 1521 3148 fervere
1547 3114 1760 3171 cogens.

521 3191 608 3244 Fit
636 3211 884 3268 quoque,
917 3204 979 3248 ut
1012 3179 1254 3250 involvat
1282 3194 1428 3248 venti
1458 3214 1513 3249 se
1547 3194 1784 3250 nubibus
1811 3195 1926 3270 ipse
