2340 3926
430 291 480 336 ll}
990 288 1040 329 T.
1081 288 1369 331 LUCRETII
1406 288 1546 331 CARI
1921 286 1988 339 (v.
2013 292 2120 339 380.)

399 387 494 470 *Ni
526 387 754 461 spatium
790 385 1033 441 dederint
1062 386 1278 444 latices?
1306 389 1596 445 concedere
1625 411 1786 466 porro
1830 396 1832 398 ’

421 485 547 554 Quo
575 497 831 560 poterunt
857 484 1035 557 undae,
1073 507 1241 561 quum
1274 488 1444 561 pisces
1471 490 1550 543 ire
1583 489 1922 564 nequibunt?

421 586 533 638 Aut
565 585 730 659 igitur
757 595 910 637 motu
937 584 1261 658 privandum
1294 597 1374 639 est
1405 605 1632 662 corpora
1659 608 1909 663 quaeque3
1963 624 1978 629 «

420 683 535 736 Aut
566 703 679 736 esse
710 682 1000 737 admistum
1034 682 1323 737 dicendum
1354 694 1434 737 est
1466 683 1624 739 rebus
1656 687 1814 740 inane
1834 730 1848 758 ,

417 782 576 836 Unde
603 783 796 836 initum
824 782 1060 857 primum
1089 782 1263 857 capiat
1289 801 1374 835 res
1401 802 1625 858 quaeque
1652 785 1921 839 movendi.

409 891 437 949 s
494 884 775 936 Postremo
808 881 915 935 duo
947 880 1012 934 de
1041 901 1310 935 concursu
1343 901 1570 956 corpora
1598 880 1706 936 lata

419 980 476 1034 Si
505 980 611 1034 cita
638 980 903 1035 dissiliant
925 1023 939 1049 ,
968 1000 1161 1054 nempe
1187 1000 1278 1033 aer
1303 1000 1463 1034 omne
1489 999 1704 1034 necesse
1737 991 1842 1050 est,

419 1078 564 1130 Inter
598 1097 826 1152 corpora
855 1077 1001 1152 quod
1028 1077 1204 1153 Q&
1234 1077 1476 1152 possidat
1502 1078 1676 1133 inane.
1748 1080 1757 1087 ’

414 1177 467 1229 Is
495 1196 657 1250 porro
687 1177 931 1250 quamvis
965 1177 1169 1230 circum
1198 1175 1558 1232 celerantibus
1583 1176 1728 1232 auris

415 1272 698 1343 Confluat,
729 1273 875 1326 haud
904 1276 1105 1347 poterit
1130 1285 1313 1328 tamen
1340 1295 1451 1329 uno
1485 1287 1728 1349 tempore
1755 1288 1933 1330 totum

414 1369 688 1445 Compleri
715 1371 950 1445 spatium
982 1392 993 1424 ε
1027 1391 1153 1424 nam
1180 1373 1418 1445 primum
1445 1391 1715 1447 quemque
1746 1393 1960 1428 necesse
1988 1387 2068 1429 est
2148 1396 2160 1402 ·

415 1472 661 1545 Occupet
688 1469 777 1524 ille
807 1468 1010 1538 locum,
1039 1469 1233 1524 deinde
1260 1471 1444 1524 omnia
1468 1471 1860 1546 possideantur.

412 1568 578 1640 Quod
604 1570 648 1623 si
675 1568 812 1623 forte
841 1568 1064 1643 aliquis,
1101 1589 1270 1643 quum
1305 1588 1533 1644 corpora
1560 1568 1859 1640 dissiluere,

411 1669 552 1721 Tum
583 1680 738 1743 putat
772 1667 828 1722 id
860 1667 1007 1737 fieri,
1045 1668 1172 1742 quia
1204 1687 1258 1722 se
1289 1666 1613 1723 condenseat
1642 1688 1751 1740 aer,

396 1768 571 1821 -Errat
599 1788 610 1820 ε
645 1787 771 1820 nam
804 1786 1032 1820 vacuum
1069 1778 1188 1820 tum
1218 1765 1279 1820 fit
1308 1766 1456 1841 quod
1485 1787 1595 1821 non
1630 1766 1733 1821 fuit
1766 1779 1888 1823 ante
1906 1812 1920 1837 ‚

411 1868 485 1919 Et
509 1864 750 1940 repletur
776 1867 907 1919 item
934 1885 1166 1919 vacuum
1191 1864 1340 1940 quod
1366 1866 1609 1919 constitit
1635 1877 1776 1920 ante.

411 1965 526 2019 Nec
554 1963 649 2018 tali
677 1965 887 2019 ratione
915 1976 1096 2039 potest
1124 1963 1401 2019 densarier
1433 1985 1524 2018 aer
1551 1987 1563 2018 :

414 2065 554 2133 Nee,
587 2063 631 2117 si
653 2064 764 2138 jam
792 2075 997 2138 posset,
1027 2063 1317 2117 sineinani
1345 2074 1552 2138 posset,
1578 2066 1790 2140 opinor,

414 2165 481 2216 Se
515 2162 628 2237 ipse
662 2162 719 2215 in
755 2182 810 2216 se
846 2163 1060 2216 trahere
1082 2205 1097 2232 ,
1130 2173 1184 2216 et
1218 2174 1398 2237 partes
1430 2162 1731 2218 conducere
1764 2164 1820 2217 in
1853 2183 2037 2218 unum.

413 2262 782 2336 Quapropter,
812 2261 1056 2335 quamvis
1084 2260 1355 2315 causando
1388 2259 1559 2316 multa
1585 2263 1811 2316 moreris
1829 2304 1844 2333 ,

413 2364 544 2415 Esse
577 2360 634 2413 in
669 2360 830 2413 rebus
865 2360 1024 2413 inane
1050 2371 1232 2414 tamen
1263 2355 1464 2414 fateare
1490 2372 1708 2415 necesse
1741 2372 1855 2421 est„

491 2439 777 2534 Multaque
804 2469 1063 2533 praeterea
1097 2458 1197 2512 tibi
1230 2478 1449 2533 possum
1483 2441 1958 2514 commemorando

412 2561 775 2633 Argumenta,
803 2557 964 2612 fidem
998 2556 1157 2612 dictis
1186 2557 1480 2612 conradere
1513 2558 1730 2612 nostris,

418 2658 620 2714 Verum
650 2658 832 2712 animo
861 2657 1129 2712 satishaec
1154 2657 1381 2733 vestigia
1406 2676 1573 2732 parva
1607 2657 1783 2732 sagaci

417 2760 587 2827 Sunt,
621 2778 718 2833 per
750 2755 868 2833 quae
896 2757 1069 2833 possis
1094 2764 1426 2833 ⁴cogn0scere
1458 2767 1643 2810 cetera
1669 2767 1801 2810 tute.

414 2858 665 2931 Namque
700 2877 859 2911 canes
888 2869 948 2911 ut
982 2857 1306 2932 montivagae
1340 2875 1577 2932 persaepe
1603 2853 1734 2909 ferai

415 2956 651 3010 Naribus
683 2956 968 3010 inveniunt
1003 2955 1228 3009 intectas
1259 2953 1452 3009 fronde
1483 2954 1719 3028 quie-teS,

418 3056 606 3126 Quum
633 3054 796 3110 semel
822 3056 1143 3110 'institerunt
1175 3054 1399 3130 vestigia
1436 3064 1591 3107 certax
1617 3052 1754 3118 viai;

420 3156 506 3209 Sic
539 3154 646 3209 alid
681 3175 745 3209 ex
779 3153 884 3208 alio
920 3174 1017 3229 per
1047 3166 1101 3208 te
1138 3164 1254 3207 tute
1287 3154 1400 3227 ipse
1429 3150 1612 3206 videre

416 3253 635 3308 Talibus
674 3254 920 3308 inrebus
956 3254 1193 3329 poteriS,
1227 3271 1500 3325 caeca-sque
1535 3248 1768 3304 latebras
1846 3303 1848 3305 ,
