2320 3866
873 276 940 321 IN
974 276 1352 322 monimum.
1873 282 1962 340 327

269 393 342 435 re,
364 392 464 423 non
494 376 766 423 admittente
789 374 980 436 quidem
1001 375 1247 434 specialem
1269 373 1690 433 confirmationem,
1722 378 1803 423 sed
1829 394 1972 438 gene-

267 453 424 498 raliter
436 452 697 514 probabili3
711 452 786 496 vel
803 466 814 495 ε
832 450 976 507 Quod
991 449 1174 495 affirmo
1184 485 1197 508 ,
1210 454 1476 520 generalem
1490 451 1730 496 veritatem
1752 451 1948 499 habeam
1958 489 1972 511 ‚

182 578 187 583 ,
268 527 398 574 haud
428 529 727 573 universalem
761 534 944 582 tamen3
971 526 1233 573 rationibus
1255 528 1414 574 saltem
1434 526 1535 571 veri
1558 542 1700 586 quam
1735 527 1973 573 simillimis

266 603 525 649 subnixam,
546 623 566 644 n
596 604 793 649 wius.
840 601 1009 658 «Mihi,
1036 610 1090 646 ut
1124 617 1287 646 verum
1323 602 1491 659 fatear,
1517 602 1593 646 hic
1629 604 1758 646 locus
1794 617 1974 661 semper

269 678 575 738 suspicionem
606 675 809 735 aliquam
831 675 1001 733 movit,
1024 676 1250 736 imprimis
1274 692 1421 736 quum
1441 693 1485 721 v.
1517 677 1637 742 1‘344
1669 692 1860 736 prorsus
1891 693 1975 721 eo-

266 751 375 797 dem
396 753 542 798 modo
578 751 685 796 voci
711 766 845 795 omne
868 752 1152 811 explicandae
1179 752 1438 808 adhibitus,
1462 752 1544 796 sed
1574 753 1680 796 loco
1716 754 1857 814 longe
1887 768 1974 812 ap-

268 827 399 886 tiori,
421 843 563 888 supra
582 842 626 871 v.
652 823 744 870 526
766 826 863 885 jam
887 827 1115 884 adfuerit3
1139 827 1198 872 de
1223 842 1322 887 quo
1343 836 1497 872 tamen
1520 827 1700 886 aliquid
1723 829 1837 873 certi
1858 844 1975 888 pro-

266 903 479 950 nuntiare
500 918 600 948 non
621 901 790 947 audeo.
809 922 830 944 ιι
854 904 1057 948 Fonmo.
1756 897 1764 907 ⁸

329 978 392 1043 (v.
430 974 587 1040 1351.)
622 978 825 1023 Orellius
854 979 1086 1023 vocabula
1115 979 1227 1024 artis
1259 978 1470 1024 textoriae
1485 1011 1498 1034 ‚
1530 993 1635 1038 quae
1660 978 1736 1023 hic
1762 979 1979 1039 legimus,

264 1056 329 1102 sic
350 1054 551 1115 explicat
574 1071 584 1098 :
611 1075 631 1094 «ι
647 1055 816 1101 Insilia
828 1087 850 1110 ‚.
873 1062 1053 1114 κάνονες,
1077 1062 1208 1107 ἀντίον
1223 1095 1235 1114 ‚
1251 1054 1531 1100 liciatorium
1552 1055 1763 1116 Vulgatae
1785 1053 1824 1116 [1
1839 1055 1977 1112 Sam.‚

268 1147 341 1189 17,
365 1129 412 1192 7]
426 1129 666 1193 lignumin
680 1146 779 1192 quo
794 1129 953 1176 licium
965 1130 1221 1174 involvitur
1242 1130 1294 1174 in
1309 1131 1400 1175 tela
1419 1129 1628 1189 pendula
1649 1146 1684 1175 s.
1706 1129 1880 1191 jugali,
1903 1130 1979 1175 in-

176 1263 181 1264 ?
262 1206 483 1252 subulum
502 1205 554 1249 in
576 1206 666 1250 tela
681 1207 823 1265 plana
845 1221 919 1265 ap.
952 1205 1144 1263 Isidor.‚
1166 1221 1276 1262 xxx,
1305 1221 1384 1265 29,
1400 1205 1613 1262 arunde,
1637 1205 1776 1252 Ovid.
1794 1240 1807 1263 ‚
1833 1207 1944 1250 Met.
1961 1239 1975 1260 ,

262 1296 316 1326 v1
331 1316 345 1339 ,
382 1282 470 1339 543
492 1282 677 1336 radius,
702 1281 797 1326 ital.
826 1284 966 1342 spola
993 1280 1062 1344 (la
1086 1279 1316 1345 navette);
1339 1282 1501 1341 scapi,
1536 1282 1662 1327 idem
1694 1282 1815 1339 fere,
1847 1282 1980 1342 quod

264 1356 394 1417 apud
416 1356 532 1402 alios
548 1365 735 1416 pecten.
756 1377 776 1397 υ
1045 1419 1047 1421 v

329 1429 392 1495 (v.
422 1430 581 1496 1362.)
604 1434 677 1478 De
699 1448 815 1478 voce
832 1434 991 1493 pulli,
1020 1448 1110 1492 pro
1136 1433 1359 1494 arborum
1379 1434 1578 1479 'surculis
1602 1434 1782 1493 posita,
1805 1434 1863 1479 cf.
1889 1435 1982 1480 CA-

266 1522 459 1565 ·rouzn,
479 1509 539 1553 de
560 1510 615 1553 R„
649 1510 734 1563 R„
768 1524 806 1553 c.
842 1508 923 1565 51,
956 1517 1002 1552 et
1024 1511 1189 1566 Pmiv„
1212 1511 1270 1553 H.
1303 1510 1390 1564 N.,
1419 1526 1550 1567 xvn,
1580 1525 1652 1554 12.

330 1580 392 1647 (v.
422 1582 581 1648 1377.)
606 1585 799 1650 Athen„
825 1599 898 1640 1x,
936 1599 1018 1642 10,
1037 1593 1088 1644 Ρ.
1114 1585 1228 1645 390,
1251 1600 1278 1629 a
1303 1601 1313 1629 :
1345 1594 1590 1650 Χαμαιλέων
1626 1593 1645 1633 ὁ
1675 1593 1860 1639 ποντικὸς
1885 1593 1954 1648 ἔφη
1971 1625 1982 1643 ,

265 1667 335 1713 τὴν
362 1667 507 1724 εὕρεσιν
532 1673 602 1716 τῆς
625 1673 814 1724 μουσικῆς
835 1669 915 1715 τοῖς
936 1659 1122 1723 Ᾰρχαίοις
1146 1669 1398 1714 ἐπινοηθῆναι
1423 1670 1504 1710 ἀπὸ
1527 1673 1605 1710 τῶν
1632 1669 1668 1709 ἐν
1694 1669 1783 1716 ταῖς
1807 1668 1984 1724 ἐρημίαις

266 1735 446 1799 ᾀδόντων
472 1744 640 1801 ὄρνίθων’
666 1739 716 1786 ὧν
741 1742 852 1785 κατὰ
877 1743 1044 1799 μίμησιν
1069 1744 1207 1795 λαβεῖν
1234 1745 1377 1786 στάσιν
1403 1745 1473 1791 τὴν
1501 1744 1709 1802 μουσικήν.

334 1809 517 1874 (1380.)
551 1831 571 1851 «
589 1813 646 1856 In
668 1811 816 1856 dubio
844 1820 931 1869 est,
968 1827 1110 1871 quam
1147 1813 1544 1861 constructionem
1578 1812 1783 1858 voluerit
1803 1822 1948 1872 poeta
1972 1829 1984 1856 z

266 1895 425 1932 utrum
453 1887 668 1948 Zephyri
687 1885 763 1951 (in
783 1887 937 1947 primo
954 1903 1063 1933 casu
1084 1886 1229 1951 plur.)
1252 1904 1341 1949 per
1367 1905 1481 1934 cava
1509 1890 1680 1946 sibila,
1706 1888 1736 1933 i.
1764 1904 1803 1935 e.
1830 1888 1986 1934 sibilas

265 1963 482 2009 cavitates
489 1981 504 2022 3
531 1979 590 2009 an
611 1965 752 2009 sibila
775 1964 1009 2025 Zephyri,
1033 1980 1142 2010 casu
1160 1965 1345 2025 patri03
1377 1981 1482 2026 quae
1502 1965 1616 2010 mihi
1636 1965 1824 2010 videtur
1846 1966 1986 2026 longe

265 2038 538 2102 elegantior.
563 2039 633 2086 Cf.
659 2042 831 2098 νικῶ,
857 2041 966 2086 Ecl..
983 2057 1040 2098 v,
1065 2041 1141 2085 82.
1157 2061 1176 2082 »
1199 2042 1400 2087 WAKEF.

330 2117 389 2161 V.
423 2114 725 2177 1390-1394,
752 2117 991 2162 nonnullis
1021 2117 1218 2162 vocibus
1239 2117 1452 2174 mutatis,
1475 2119 1704 2162 iterantur
1730 2133 1788 2163 ex
1810 2117 1889 2161 lib.
1918 2133 1955 2160 11
1974 2151 1985 2172 ‚

267 2208 310 2236 v.
338 2192 505 2252 29-33.

337 2270 521 2313 Terram
547 2270 678 2329 pede
710 2271 895 2329 pellere
917 2267 979 2332 (v.
1019 2267 1175 2332 1400).
1222 2269 1291 2316 Cf.
1331 2271 1454 2314 Hon.
1471 2256 1499 2326 ,'
1526 2271 1613 2315 od.
1645 2285 1736 2327 111,
1779 2268 1835 2313 18
1852 2304 1864 2325 ‚
1910 2268 1988 2320 15·;

267 2347 438 2402 Vmo„
466 2345 633 2406 Georg.
647 2378 662 2400 ,
691 2361 768 2402 lv,
793 2344 886 2390 283
901 2363 915 2404 ;
938 2354 985 2391 et
1009 2347 1238 2402 CA'ruLL„
1262 2361 1372 2403 mn,
1403 2352 1473 2400 14.

340 2421 515 2482 Vigiles
536 2418 598 2485 (v.
622 2419 778 2485 1406).
805 2441 824 2461 «
845 2423 1110 2468 Castrenses
1133 2421 1358 2482 intelligo,
1375 2442 1394 2462 »
1417 2422 1591 2466 Fumi.
1611 2439 1629 2461 «
1650 2421 1752 2481 Ego
1773 2434 1887 2464 vero
1905 2436 1988 2464 cu·-

266 2497 330 2542 ris
352 2512 522 2559 aegros,
552 2506 606 2543 ut
633 2514 678 2542 v.
715 2499 838 2553 1403
869 2515 880 2543 :
908 2499 1230 2560 vtgc‘lantt'bus.
1250 2518 1270 2538 2,
1295 2499 1508 2543 Canen.

343 2573 496 2632 Quam
519 2589 625 2619 reor
640 2574 814 2618 invidia
841 2571 905 2638 (v.
937 2572 1095 2637 1417).
1113 2574 1298 2619 «Prima
1320 2574 1460 2618 vestis
1475 2572 1540 2617 ita
1565 2570 1731 2616 ceteris
1747 2571 1988 2631 terrigenis

268 2647 468 2707 placuit,
496 2657 551 2694 ut
581 2648 817 2695 inventori
839 2665 925 2695 suo
951 2650 1113 2694 mortis
1138 2664 1274 2700 causa
1301 2649 1455 2693 fuerit.
1477 2667 1496 2688 »
1516 2648 1692 2692 Fiam.

337 2725 618 2771 Distractum
642 2723 703 2790 (v.
736 2724 893 2789 1419).
920 2726 1101 2773 Wakef.
1121 2725 1269 2771 edidit
1298 2726 1575 2768 dds-traceam
1587 2757 1603 2779 ,
1636 2732 1681 2767 et
1704 2723 1751 2767 in
1776 2723 1990 2782 sequenti

270 2816 409 2845 versu
429 2816 519 2860 pro
541 2803 811 2864 dispersisse
831 2802 1035 2848 restituit
1065 2817 1123 2846 ex
1151 2800 1368 2846 omnibus
1391 2799 1522 2844 libris
1552 2800 1835 2860 disperiisse.

339 2878 396 2921 V.
427 2881 548 2945 1440
571 2877 635 2923 sic
666 2895 772 2923 cum
796 2879 1012 2924 omnibus
1036 2878 1133 2923 fere
1159 2877 1288 2922 libris
1321 2876 1470 2921 edidit
1493 2876 1676 2922 Wakef.
1711 2893 1719 2918 :

445 3031 545 3069 Tum
569 3043 674 3071 mare
697 3031 868 3073 velivolis
890 3032 1056 3073 florebat
1075 3039 1238 3086 propter
1260 3030 1412 3071 odores.

277 3178 371 3224 Sed
384 3195 523 3240 quem
538 3178 761 3225 idoneum
777 3197 961 3227 sensum
974 3181 1119 3226 verba
1127 3189 1324 3241 propter
1336 3180 1531 3225 honores
1547 3178 1622 3223 hic
1636 3178 1899 3239 praebeant,
1914 3193 1988 3223 me

278 3268 370 3301 non
394 3256 655 3317 perspicere
686 3257 834 3302 fateor
847 3293 859 3315 ‚
887 3258 974 3303 nisi
998 3258 1120 3303 forte
1147 3257 1374 3318 intelligas
1398 3256 1457 3302 de
1481 3255 1698 3300 aromatis
1728 3253 1988 3317 peregrinis²
