2300 3926
377 239 434 283 56
941 242 992 283 T.
1032 240 1317 284 LUCRETII
1354 239 1498 283 ΒΑΜ
1867 236 1918 286 (ν.
1937 235 2048 288 500·)

373 343 622 416 Purpura
653 339 957 406 Thessalico
987 343 1311 397 concharum
1338 343 1506 396 tincta
1533 339 1737 411 colore,
1769 351 1822 393 et

375 440 552 494 Aurea
586 458 856 513 pavonum
882 439 1078 494 ridenti
1110 440 1314 494 imbuta
1340 438 1524 514 lepore

375 535 565 607 Saecla,
594 556 735 590 novo
768 556 950 590 rerum
987 547 1238 611 superata
1266 534 1446 590 colore
1467 537 1737 611 jacerent:

374 636 444 689 Et
475 633 975 709 contemptusodor
1007 634 1236 709 myrrhae
1254 674 1268 703 ,
1304 632 1580 708 mellisque
1610 653 1849 708 saporeS,

374 734 445 786 Et
474 752 669 807 cycnea
695 730 858 803 mele,
890 733 1230 807 Phoebeaque
1261 730 1464 785 daedala
1496 730 1710 784 chordis

376 830 660 901 Carmina,
688 829 955 885 consimili
987 830 1197 885 ratione
1222 849 1486 908 ‘oppressa
1513 827 1765 883 silerent:

376 928 628 1002 Namque
657 926 774 982 aliis
801 925 948 981 aliud
977 928 1316 1002 praestantius
1343 913 1670 980 exoreretur.

379 1024 584 1079 Cedere
614 1026 742 1079 item
770 1037 916 1079 retro
950 1037 1165 1100 possent
1192 1026 1249 1078 in
1283 1024 1573 1078 deteriores

380 1122 581 1177 Omnia
614 1122 689 1175 sic
718 1133 922 1195 parteS,
951 1133 1012 1175 ut
1042 1122 1274 1176 diximus
1307 1122 1364 1175 in
1397 1120 1662 1176 meliores.

376 1220 629 1291 Namque
655 1217 771 1272 aliis
796 1217 945 1272 aliud
970 1230 1116 1273 retro
1147 1239 1364 1294 quoque
1390 1221 1580 1274 tetrius
1607 1231 1744 1274 esset

377 1315 638 1385 Naribus,
667 1312 889 1368 auribus
921 1325 1082 1388 atque
1110 1315 1280 1383 oculis
1309 1317 1527 1388 orisque
1556 1316 1749 1388 sapori.

379 1413 516 1484 Quae
543 1413 800 1487 quoniam
833 1423 1101 1467 nonsunt
1126 1413 1183 1466 in
1210 1412 1373 1466 rebus
1397 1411 1634 1482 reddita,
1668 1423 1812 1465 certa
1839 1423 1893 1465 et

378 1509 528 1565 Finis
561 1511 817 1585 utrinque
850 1522 1002 1565 tenet
1029 1529 1292 1565 summam
1310 1553 1326 1578 ,
1356 1509 1557 1564 fateare
1588 1529 1802 1564 necesse
1836 1519 1914 1564 est

381 1608 669 1664 Materiam
695 1628 911 1684 quoque
938 1602 1104 1663 finitis
1135 1607 1354 1662 differre
1381 1607 1587 1684 figuriS.

459 1707 742 1782 Denique,
776 1706 843 1761 ab
877 1706 1093 1782 ignibus
1128 1705 1197 1760 ad
1223 1704 1450 1782 gelidas,
1482 1707 1780 1781 hiemisque
1807 1706 2030 1780 pruinas

382 1806 424 1859 F
428 1804 623 1859 initum
648 1815 761 1877 est,
794 1816 1052 1879 retroque
1073 1805 1191 1881 pari
1217 1804 1425 1859 ratione
1453 1824 1758 1859 remensum
1793 1815 1889 1858 est.

382 1901 526 1956 Finit
559 1902 702 1957 enim
733 1901 896 1975 calor,
931 1922 993 1957 ac
1023 1902 1221 1979 frigus,
1255 1901 1525 1978 mediique
1550 1914 1763 1978 tepores

382 2001 535 2055 Inter
560 2014 853 2076 utrumque
878 2002 1093 2078 jacent,
1129 1999 1402 2077 explentes
1434 2000 1623 2056 ordine
1658 2021 1937 2056 summam.

383 2101 529 2174 Ergo
562 2099 714 2154 finita
747 2098 953 2155 distant
979 2100 1189 2155 ratione
1218 2113 1430 2169 creata;

385 2197 628 2273 Ancipiti
662 2199 920 2273 quoniam
948 2218 1207 2253 mucrone
1240 2199 1498 2272 utrinque
1532 2208 1807 2269 notantur,

386 2298 527 2351 Hinc
558 2296 814 2365 flammis,
843 2294 993 2350 illinc
1026 2296 1214 2372 rigidis
1247 2297 1444 2352 insessa
1473 2296 1698 2371 pruiniS.

467 2394 634 2466 Quod
668 2395 926 2469 quoniam
960 2394 1150 2464 docui,
1187 2415 1410 2470 pergam
1445 2406 1762 2450 connectere
1796 2414 1934 2464 rem,
1965 2414 2083 2469 quae

390 2495 471 2548 Ex
494 2492 598 2547 hoc
629 2504 754 2567 apta
787 2492 950 2546 fidem
981 2491 1129 2547 ducit
1154 2513 1166 2546 ε
1196 2492 1492 2567 primordia
1524 2513 1706 2548 rerum
1726 2537 1741 2565 ,

387 2590 540 2643 Inter
577 2609 632 2643 se
662 2588 823 2644 simili
854 2610 971 2664 quae
1004 2601 1133 2644 sunt
1162 2590 1399 2665 perfecta
1430 2590 1629 2666 figura,

368 2685 610 2742 *Infinita
636 2686 842 2758 cluere;
871 2689 1102 2759 etenim,
1136 2687 1389 2743 distantia
1416 2710 1586 2764 quum
1623 2691 1690 2744 sit

390 2787 713 2842 Formarum
746 2786 927 2858 finita,
958 2807 1169 2843 necesse
1198 2800 1308 2859 est,
1343 2809 1460 2863 quae
1488 2787 1686 2844 similes
1721 2789 1853 2859 sint,

391 2886 520 2939 Esse
547 2885 784 2941 infinitas
815 2907 827 2941 ε
858 2898 952 2942 aut
979 2908 1246 2958 summam
1273 2887 1517 2942 materiai

392 2983 625 3038 Finitam
654 2997 902 3041 constare
933 3007 945 3040 z
976 2986 1032 3041 id
1060 2985 1204 3062 quod
1229 3006 1339 3041 non
1373 3006 1484 3041 esse
1509 2986 1751 3061 probavi.

393 3081 557 3151 Quod
587 3085 845 3158 quoniam
877 3085 1065 3158 docui,
1094 3105 1240 3141 nunc
1274 3084 1624 3160 suavilo‘quis,
1655 3104 1784 3160 age,
1820 3084 2006 3159 paucis

394 3180 656 3237 Versibus
683 3183 991 3257 ostendam,
1020 3182 1338 3260 corpuscula
1371 3184 1616 3239 materiai
