2320 3866
389 251 475 306 194
965 239 1017 282 T.
1053 236 1341 283 LUCRETH
1378 235 1517 279 CARI
1895 231 2078 282 (v.9s1.>

385 348 640 404 Infestam
677 343 886 399 miseris
913 341 1180 397 faciebant
1212 360 1349 418 saepe
1379 340 1647 415 quietem3

385 446 666 524 Ejectique
698 442 862 498 domo
889 440 1170 517 fugiebant
1201 459 1357 495 saxea
1386 450 1528 494 tecta

388 545 619 621 Setigeri
654 541 764 598 suis
793 539 1062 610 adventa,
1096 537 1368 614 validique
1397 537 1595 605 leoniS,

388 650 567 719 Atque
597 644 922 717 intempesta
951 637 1213 694 cedebant
1243 649 1400 692 nocte
1425 647 1680 714 paventes

387 742 705 819 Hospitibus
736 740 1150 813 saevisinstrata
1180 735 1379 792 cubilia
1412 734 1620 790 fronde.

468 843 583 897 Nec
611 840 779 894 nimio
810 850 926 893 tum
959 836 1079 914 plus
1098 880 1112 908 ‚
1147 857 1311 912 quam
1340 855 1515 906 nunc,
1543 830 1791 888 mortalia
1817 827 1972 885 saecla

388 939 586 997 Dulcia
613 939 930 1014 linquebant
958 937 1186 993 labentis
1221 935 1430 991 lumina
1462 936 1583 990 vitae
1612 954 1625 988 ε

391 1040 550 1093 Unus
577 1039 721 1092 enim
748 1050 862 1091 tum
891 1037 1121 1111 quisque
1153 1036 1323 1110 magis
1358 1035 1654 1109 deprensus
1683 1052 1871 1086 eorum

388 1134 594 1192 Pabula
627 1137 748 1190 viva
775 1133 901 1188 feris
930 1133 1205 1209 praebebat
1232 1132 1490 1187 dentibusv
1515 1132 1766 1203 haustus3

392 1239 462 1291 Et
489 1253 711 1289 nemora
737 1253 798 1287 ac
824 1244 1033 1287 montes
1062 1233 1263 1308 gemitu
1294 1229 1575 1306 sylvasque
1605 1227 1876 1303 replebat,

391 1334 535 1390 Viva
566 1332 754 1388 videns
783 1333 909 1387 vivo
937 1329 1152 1407 sepeliri
1177 1330 1381 1385 viscera
1410 1329 1572 1383 busto
1603 1348 1616 1382 ε
1780 1309 1783 1313 ’

394 1435 465 1489 At
491 1453 626 1507 quos
661 1430 926 1507 effugium
953 1441 1226 1501 servarat,
1255 1448 1483 1505 corpore
1513 1425 1702 1501 adeSO,

394 1533 672 1587 Posterius
699 1529 961 1587 tremulas
988 1550 1151 1606 super
1174 1527 1360 1584 ulcera
1390 1538 1529 1582 tetra
1558 1535 1801 1581 tenentes

395 1630 635 1704 Palmas,
659 1630 941 1686 horriferis
970 1630 1224 1685 accibant
1251 1628 1477 1683 vocibus
1504 1629 1738 1696 Orcum,

399 1731 673 1787 Donicum
704 1751 795 1785 eos
821 1730 933 1785 vita
961 1730 1248 1806 privarunt
1276 1728 1688 1783 verminasaeva
1705 1768 1720 1798 ‚

399 1833 661 1907 Expertes
688 1830 832 1907 opis,
864 1831 1083 1906 ignaros
1116 1828 1249 1905 quid
1279 1826 1502 1882 volnera
1528 1824 1745 1881 vellent.

482 1932 554 1985 At
585 1950 697 1984 non
723 1927 896 1984 multa
919 1927 1096 1982 virum
1133 1926 1234 1982 sub
1262 1926 1428 2003 signis
1458 1923 1627 1979 millia
1658 1923 1820 1980 ducta

402 2030 531 2084 Una
562 2027 673 2083 dies
703 2028 866 2083 dabat
891 2028 1087 2099 exiti0,
1121 2046 1219 2082 nec
1247 2025 1469 2081 turbida
1502 2025 1656 2100 ponti

401 2129 643 2204 AEquora
668 2118 934 2181 laedebant
958 2145 1122 2201 naves
1151 2123 1220 2180 ad
1247 2144 1372 2201 saxa
1400 2125 1668 2198 virosque.

406 2225 513 2283 Sed
541 2238 767 2297 temere,
793 2226 1064 2282 incassum
1095 2244 1245 2280 mare
1280 2222 1520 2280 fluctibu’
1554 2242 1692 2299 saepe
1721 2223 1919 2277 coortis

405 2325 661 2396 Saevibat,
692 2323 990 2399 leviterque
1021 2325 1196 2379 minas
1226 2323 1467 2398 ponebat
1491 2323 1679 2377 inanes
1711 2342 1723 2377 :

405 2425 521 2480 Nec
547 2433 762 2498 poterat
785 2442 1113 2500 quemquam
1142 2421 1342 2498 placidi
1373 2420 1598 2498 pellacia
1629 2421 1784 2497 ponti

409 2520 650 2578 Subdola
681 2519 934 2597 pellicere
966 2521 1023 2575 in
1057 2520 1308 2576 fraudem
1337 2519 1641 2575 ridentibus
1676 2518 1834 2575 undis
1865 2540 1877 2573 ε

409 2620 666 2697 Improba
698 2620 900 2696 navigii
922 2620 1068 2701 ‘ratio
1102 2631 1220 2675 tum
1251 2604 1389 2675 caeca
1413 2619 1644 2694 jacebat.

410 2724 551 2777 Tum
590 2720 822 2797 penuria
852 2718 1045 2774 deinde
1073 2719 1178 2774 cibi
1204 2711 1519 2795 languentia
1550 2718 1697 2773 letho

410 2819 665 2877 Membra
699 2818 862 2897 dabat
894 2839 906 2873 :
938 2800 1131 2875 contra
1157 2839 1305 2873 nunc
1332 2837 1518 2873 rerum
1545 2818 1703 2894 copia
1729 2829 1943 2873 mersat.

411 2917 501 2975 Illi
529 2918 899 2995 imprudentes
929 2918 1032 2996 ipsi
1060 2918 1160 2974 sibi
1186 2939 1324 2995 saepe
1351 2938 1624 2974 venenum

414 3019 731 3096 Vergebant
760 3040 772 3074 :
809 3039 956 3075 nunc
983 3018 1114 3075 dant
1142 3017 1261 3074 aliis
1292 3016 1542 3073 solertius
1577 3018 1696 3093 ipsi.

469 3117 628 3187 ¹Inde
661 3138 808 3174 casas
839 3131 1130 3196 postquam
1160 3138 1223 3173 ac
1246 3115 1410 3194 pelles
1438 3118 1724 3194 ignemque
1750 3125 2044 3193 pararunt,

417 3220 487 3272 Et
509 3216 707 3275 mulier
740 3218 1030 3295 conjuncta
1058 3219 1177 3275 viro
1200 3218 1466 3274 concessit
1494 3218 1551 3273 in
1579 3235 1783 3289 unum3
