2300 3926
209 222 266 307 (v.
284 258 399 310 σεο.)
620 260 701 304 DE
735 259 956 304 RERUM
987 259 1240 304 NATURA
1276 261 1388 305 Lm.
1427 263 1486 306 11.
1849 262 1905 307 61

221 360 334 415 Nec
366 361 506 416 bene
539 360 850 437 promeritis
885 362 1122 436 capitur,
1156 382 1256 417 nec
1295 364 1537 440 tangitur
1569 364 1665 418 ira.

294 462 461 515 Terra
493 459 719 535 quidem¹
739 478 871 515 vero
905 472 1055 517 caret
1088 461 1239 516 omni
1274 473 1521 538 tempore
1554 482 1747 517 sensu:

217 558 323 615 Sed
349 559 480 634 quia*
506 542 802 614 multarum
824 561 1048 635 ¹'potitur
1078 560 1377 637 primordia
1404 581 1619 633 rerum,

190 646 396 713 ‘Multa
427 656 603 712 modis
636 652 838 713 mult-'is>
861 658 1016 714 effert
1050 660 1106 715 in
1141 659 1349 715 lumina
1379 658 1521 716 soliS.
1607 643 1610 645 .

218 756 320 811 Hic
351 754 396 810 si
430 757 551 831 quis
586 776 736 811 mare
771 752 1095 834 Neptunum
1114 800 1130 829 ,
1165 755 1531 834 Cereremque
1565 779 1759 814 vocare

219 855 526 912 Constituet
555 855 770 932 finges,
791 850 855 911 'et-
875 857 1076 912 Bacchi
1108 858 1328 913 nomine
1363 849 1516 912 abuti

220 953 458 1024 Mavolt,
491 960 656 1032 quam
689 954 862 1011 laticis
896 950 1182 1032 proprium
1215 955 1460 1032 proferre
1485 954 1802 1027 vocamen,

219 1053 596 1111 Concedamus
619 1067 705 1117 ‘ut
727 1055 818 1110 hic
851 1067 1122 1111 terrarum
1158 1054 1370 1111 dictitet
1405 1055 1594 1111 orbem

218 1154 350 1208 Esse
373 1155 551 1210 Deum
577 1147 837 1225 matrem,
873 1154 1004 1210 dum
1037 1175 1096 1210 re
1130 1170 1245 1210 non·
1276 1154 1346 1210 sit
1378 1166 1565 1210 tamen·
1596 1175 1740 1232 apse.

301 1254 454 1330 Saepe
486 1255 674 1332 itaque
705 1275 771 1311 ex
798 1245 924 1310 uno·
942 1255 1239 1311 tondentes-
1264 1256 1511 1332 gramina
1541 1276 1736 1332 campo

219 1352 504 1428 Lanigerae
535 1353 771 1430 pecudes
804 1366 860 1409 et
894 1374 1162 1429 equorum
1197 1352 1429 1409 duellica
1461 1352 1664 1430 proleS,

220 1451 569 1528 Buceriaeque
592 1473 805 1530 greges,
841 1453 942 1509 sub
969 1451 1160 1526 eodem
1195 1453 1435 1527 tegmine
1467 1451 1646 1520 coeli„

219 1551 302 1609 Ex
338 1559 558 1627 unoque
585 1552 732 1607 sitim
764 1542 1015 1607 sedantes
1042 1548 1270 1603 flumine
1302 1549 1495 1624 aquai,
1546 1554 1549 1557 ’

224 1647 494 1705 Dissimili
518 1649 713 1704 vivunt
747 1649 958 1725 specie,
995 1648 1345 1722 retinentque
1379 1658 1671 1723 parentum

221 1747 517 1819 Naturam,
545 1759 603 1803 et
627 1767 807 1803 mores
830 1746 1131 1824 generatim
1159 1766 1387 1822 quaeque
1415 1746 1730 1802 imitantur:

218 1847 395 1903 Tanta
425 1857 506 1903 est
532 1847 593 1904 in
628 1847 822 1923 quovis
857 1865 1056 1923 genere
1088 1839 1273 1901 her-bae
1300 1846 1550 1901 materiai

218 1944 509 2003 Dissimilis
541 1947 717 2018 ratio,
743 1956 1023 2008 -tantaest
1054 1946 1112 2000 in
1149 1934 1376 2000 flumine
1409 1966 1648 2022 quoque.

301 2047 424 2102 Jam
456 2044 611 2119 vero,
646 2045 910 2122 quamvis·
928 2046 1264 2125 animantem
1291 2066 1357 2100 ex
1384 2046 1638 2100 omnibus
1671 2066 1837 2100 unam

222 2146 388 2214 Ossa,
419 2165 601 2218 cruor,
635 2165 811 2216 venae,
846 2135 1028 2216 calor,
1054 2145 1280 2212 humor,
1313 2144 1547 2214 viscera,
1582 2145 1738 2198 nervi

223 2242 610 2314 Constituunt,
646 2263 766 2318 quae
799 2254 928 2298 sunt
953 2262 1120 2318 porro
1153 2241 1413 2296 distantia
1447 2240 1610 2317 longe

222 2339 486 2397 Dissimili
520 2341 759 2418 perfecta
793 2340 969 2418 figura
999 2334 1417 2417 principiorum.
1494 2332 1496 2335 ⁵

302 2441 446 2495 Tum
479 2460 647 2516 porro
678 2459 1016 2516 quaecunque
1047 2439 1160 2515 igni
1187 2437 1466 2493 flammata
1500 2451 1838 2512 cremantur,

227 2538 283 2593 Si
310 2535 388 2593 nil
422 2550 709 2614 praeterea,
741 2549 924 2594 tamen
957 2558 1022 2592 ex
1057 2557 1114 2593 se
1140 2557 1203 2592 ea
1239 2557 1471 2613 corpora
1507 2537 1759 2610 tradunt,

226 2637 386 2694 Unde
414 2638 595 2715 ignem
621 2637 803 2714 jacere
835 2649 891 2693 et
914 2636 1103 2693 lumen
1136 2630 1478 2692 summittere
1506 2638 1740 2711 possint,

231 2735 614 2814 scintillasque
650 2758 834 2814 agere,
869 2757 931 2792 ac
965 2735 1073 2792 late
1097 2735 1318 2791 differre
1344 2733 1601 2790 favillam.

230 2837 440 2891 Caetera
468 2835 738 2892 consimili
768 2836 969 2892 mentis
1001 2836 1214 2891 ratione
1245 2853 1565 2911 peragram,

228 2933 475 2990 Invenies
505 2935 653 2991 intus
686 2932 985 2990 multarum
1014 2934 1219 2990 semina
1252 2951 1436 2987 rerum

231 3033 478 3107 Corpore
510 3030 711 3105 celare,
743 3045 798 3089 et
831 3034 1007 3089 varias
1040 3031 1294 3088 cohihere
1327 3029 1546 3106 figuras.

244 3139 246 3141 ’
310 3130 563 3207 Denique
591 3131 762 3188 multa
792 3132 942 3189 vides
976 3132 1176 3208 quibus
1208 3142 1261 3185 et
1294 3129 1440 3184 odor'
1467 3141 1519 3184 et
1552 3150 1714 3206 sapor
1747 3151 1855 3187 una

234 3229 467 3286 Reddita
501 3240 651 3302 sunt,
684 3250 853 3305 quum
885 3229 1068 3287 adoles
1092 3228 1394 3306 :imprimis
1428 3226 1687 3305 pleraque
1722 3229 1886 3304 dona,
