<?xml version="1.0" encoding="UTF-8"?>
<!DOCTYPE html PUBLIC "-//W3C//DTD XHTML 1.0 Transitional//EN"
    "http://www.w3.org/TR/xhtml1/DTD/xhtml1-transitional.dtd">
<html xmlns="http://www.w3.org/1999/xhtml" xml:lang="en" lang="en">
 <head>
  <title>
</title>
<meta http-equiv="Content-Type" content="text/html;charset=utf-8" />
  <meta name='ocr-system' content='tesseract 3.04.00' />
  <meta name='ocr-capabilities' content='ocr_page ocr_carea ocr_par ocr_line ocrx_word'/>
</head>
<body>
  <div class='ocr_page' id='page_1' title='image "./dererumnaturali00lucruoft_0188.png"; bbox 0 0 2320 3866; ppageno 0'>
   <div class='ocr_carea' id='block_1_1' title="bbox 389 234 2145 288">
    <p class='ocr_par' dir='ltr' id='par_1_1' title="bbox 389 234 2145 288">
     <span class='ocr_line' id='line_1_1' title="bbox 389 234 2145 288; baseline -0.003 -7"><span class='ocrx_word' id='word_1_1' title='bbox 389 235 478 281; x_wconf 85' lang='lat'><strong>168</strong></span> <span class='ocrx_word' id='word_1_2' title='bbox 948 236 998 280; x_wconf 88' lang='lat' dir='ltr'><strong>T.</strong></span> <span class='ocrx_word' id='word_1_3' title='bbox 1036 234 1326 281; x_wconf 79' lang='lat' dir='ltr'><strong>LUCRETu</strong></span> <span class='ocrx_word' id='word_1_4' title='bbox 1363 236 1505 281; x_wconf 82' lang='lat' dir='ltr'><strong>CARI</strong></span> <span class='ocrx_word' id='word_1_5' title='bbox 1897 235 2081 288; x_wconf 51' lang='grc' dir='ltr'>(ιω.)</span> <span class='ocrx_word' id='word_1_6' title='bbox 2139 251 2145 258; x_wconf 79' lang='lat'><strong>·</strong></span> 
     </span>
    </p>
   </div>
   <div class='ocr_carea' id='block_1_2' title="bbox 366 321 2320 3298">
    <p class='ocr_par' dir='ltr' id='par_1_2' title="bbox 366 314 2320 3298">
     <span class='ocr_line' id='line_1_2' title="bbox 383 321 2320 478; baseline -0.002 -84"><span class='ocrx_word' id='word_1_7' title='bbox 383 338 518 395; x_wconf 87' lang='lat' dir='ltr'><strong>Inde</strong></span> <span class='ocrx_word' id='word_1_8' title='bbox 548 337 759 394; x_wconf 85' lang='lat' dir='ltr'><strong>avidam</strong></span> <span class='ocrx_word' id='word_1_9' title='bbox 785 350 995 414; x_wconf 86' lang='lat' dir='ltr'><strong>partem</strong></span> <span class='ocrx_word' id='word_1_10' title='bbox 1029 321 1240 395; x_wconf 87' lang='lat' dir='ltr'><strong>montes</strong></span> <span class='ocrx_word' id='word_1_11' title='bbox 1265 338 1530 416; x_wconf 79' lang='lat' dir='ltr'>sylvaeque</span> <span class='ocrx_word' id='word_1_12' title='bbox 1557 338 1793 395; x_wconf 86' lang='lat' dir='ltr'><strong>ferarum</strong></span> <span class='ocrx_word' id='word_1_13' title='bbox 2317 325 2320 478; x_wconf 83' lang='grc' dir='ltr'>Ι</span> 
     </span>
     <span class='ocr_line' id='line_1_3' title="bbox 381 437 2320 532; baseline -0.002 -37"><span class='ocrx_word' id='word_1_14' title='bbox 381 438 702 511; x_wconf 88' lang='lat' dir='ltr'><strong>Possedere,</strong></span> <span class='ocrx_word' id='word_1_15' title='bbox 737 449 923 495; x_wconf 83' lang='lat' dir='ltr'><strong>ten-ent</strong></span> <span class='ocrx_word' id='word_1_16' title='bbox 956 458 1145 514; x_wconf 88' lang='lat' dir='ltr'><strong>rupes,</strong></span> <span class='ocrx_word' id='word_1_17' title='bbox 1171 450 1438 515; x_wconf 87' lang='lat' dir='ltr'><strong>vastaeque</strong></span> <span class='ocrx_word' id='word_1_18' title='bbox 1466 437 1711 515; x_wconf 83' lang='lat' dir='ltr'><strong>paludeS‚</strong></span> <span class='ocrx_word' id='word_1_19' title='bbox 2317 481 2320 532; x_wconf 62' lang='grc' dir='ltr'>Ι</span> 
     </span>
     <span class='ocr_line' id='line_1_4' title="bbox 380 536 2320 627; baseline -0.002 -32"><span class='ocrx_word' id='word_1_20' title='bbox 380 542 452 596; x_wconf 84' lang='lat' dir='ltr'><strong>Et</strong></span> <span class='ocrx_word' id='word_1_21' title='bbox 479 559 654 608; x_wconf 87' lang='lat' dir='ltr'><strong>mare,</strong></span> <span class='ocrx_word' id='word_1_22' title='bbox 686 537 834 614; x_wconf 92' lang='lat' dir='ltr'><strong>quod</strong></span> <span class='ocrx_word' id='word_1_23' title='bbox 862 536 968 593; x_wconf 82' lang='lat' dir='ltr'><strong>late</strong></span> <span class='ocrx_word' id='word_1_24' title='bbox 1005 549 1273 594; x_wconf 89' lang='lat' dir='ltr'><strong>terrarum</strong></span> <span class='ocrx_word' id='word_1_25' title='bbox 1301 537 1522 594; x_wconf 88' lang='lat' dir='ltr'><strong>distinet</strong></span> <span class='ocrx_word' id='word_1_26' title='bbox 1547 558 1667 593; x_wconf 89' lang='lat' dir='ltr'><strong>oras</strong></span> <span class='ocrx_word' id='word_1_27' title='bbox 1698 559 1710 592; x_wconf 91' lang='lat'>:</span> <span class='ocrx_word' id='word_1_28' title='bbox 2316 608 2320 627; x_wconf 40' lang='grc'>1</span> 
     </span>
     <span class='ocr_line' id='line_1_5' title="bbox 380 629 2320 743; baseline -0.002 -48"><span class='ocrx_word' id='word_1_29' title='bbox 380 639 516 695; x_wconf 88' lang='lat' dir='ltr'><strong>Inde</strong></span> <span class='ocrx_word' id='word_1_30' title='bbox 545 639 679 694; x_wconf 91' lang='lat' dir='ltr'><strong>duas</strong></span> <span class='ocrx_word' id='word_1_31' title='bbox 703 658 870 716; x_wconf 88' lang='lat' dir='ltr'><strong>porro</strong></span> <span class='ocrx_word' id='word_1_32' title='bbox 898 658 1067 714; x_wconf 80' lang='lat' dir='ltr'>prope</span> <span class='ocrx_word' id='word_1_33' title='bbox 1094 636 1273 715; x_wconf 89' lang='lat' dir='ltr'><strong>partes</strong></span> <span class='ocrx_word' id='word_1_34' title='bbox 1299 637 1538 694; x_wconf 86' lang='lat' dir='ltr'><strong>fervidus</strong></span> <span class='ocrx_word' id='word_1_35' title='bbox 1567 637 1750 709; x_wconf 82' lang='lat' dir='ltr'><strong>ardor,</strong></span> <span class='ocrx_word' id='word_1_36' title='bbox 2316 629 2320 743; x_wconf 77' lang='grc' dir='ltr'>Ι</span> 
     </span>
     <span class='ocr_line' id='line_1_6' title="bbox 381 736 1634 815; baseline -0.002 -20"><span class='ocrx_word' id='word_1_37' title='bbox 381 739 757 815; x_wconf 88' lang='lat' dir='ltr'><strong>Assiduusque</strong></span> <span class='ocrx_word' id='word_1_38' title='bbox 782 738 888 815; x_wconf 85' lang='lat' dir='ltr'>geli</span> <span class='ocrx_word' id='word_1_39' title='bbox 912 758 1065 794; x_wconf 88' lang='lat' dir='ltr'><strong>casus</strong></span> <span class='ocrx_word' id='word_1_40' title='bbox 1094 736 1415 795; x_wconf 88' lang='lat' dir='ltr'><strong>mortalibus</strong></span> <span class='ocrx_word' id='word_1_41' title='bbox 1445 738 1634 794; x_wconf 85' lang='lat' dir='ltr'><strong>aufert.</strong></span> 
     </span>
     <span class='ocr_line' id='line_1_7' title="bbox 380 837 1750 915; baseline -0.002 -21"><span class='ocrx_word' id='word_1_42' title='bbox 380 839 545 911; x_wconf 90' lang='lat' dir='ltr'><strong>Quod</strong></span> <span class='ocrx_word' id='word_1_43' title='bbox 573 851 817 915; x_wconf 83' lang='lat' dir='ltr'><strong>superest</strong></span> <span class='ocrx_word' id='word_1_44' title='bbox 847 839 991 910; x_wconf 87' lang='lat' dir='ltr'><strong>arvi,</strong></span> <span class='ocrx_word' id='word_1_45' title='bbox 1028 851 1209 893; x_wconf 89' lang='lat' dir='ltr'><strong>tamen</strong></span> <span class='ocrx_word' id='word_1_46' title='bbox 1239 837 1295 892; x_wconf 89' lang='lat' dir='ltr'><strong>id</strong></span> <span class='ocrx_word' id='word_1_47' title='bbox 1327 839 1536 894; x_wconf 88' lang='lat' dir='ltr'><strong>Natura</strong></span> <span class='ocrx_word' id='word_1_48' title='bbox 1567 859 1663 894; x_wconf 88' lang='lat' dir='ltr'><strong>sua</strong></span> <span class='ocrx_word' id='word_1_49' title='bbox 1695 837 1750 891; x_wconf 88' lang='lat' dir='ltr'><strong>vi</strong></span> 
     </span>
     <span class='ocr_line' id='line_1_8' title="bbox 380 937 1664 1011; baseline -0.001 -18"><span class='ocrx_word' id='word_1_50' title='bbox 380 938 637 994; x_wconf 90' lang='lat' dir='ltr'><strong>Sentibus</strong></span> <span class='ocrx_word' id='word_1_51' title='bbox 666 937 900 993; x_wconf 84' lang='lat' dir='ltr'><strong>obducat</strong></span> <span class='ocrx_word' id='word_1_52' title='bbox 918 982 933 1011; x_wconf 88' lang='lat'><strong>,</strong></span> <span class='ocrx_word' id='word_1_53' title='bbox 961 938 1017 992; x_wconf 91' lang='lat' dir='ltr'><strong>ni</strong></span> <span class='ocrx_word' id='word_1_54' title='bbox 1045 938 1126 993; x_wconf 87' lang='lat' dir='ltr'><strong>vis</strong></span> <span class='ocrx_word' id='word_1_55' title='bbox 1153 938 1394 993; x_wconf 90' lang='lat' dir='ltr'><strong>humana</strong></span> <span class='ocrx_word' id='word_1_56' title='bbox 1425 938 1664 1007; x_wconf 85' lang='lat' dir='ltr'><strong>resistat,</strong></span> 
     </span>
     <span class='ocr_line' id='line_1_9' title="bbox 378 1035 1640 1110; baseline -0.001 -18"><span class='ocrx_word' id='word_1_57' title='bbox 378 1037 527 1093; x_wconf 88' lang='lat' dir='ltr'><strong>Vitai</strong></span> <span class='ocrx_word' id='word_1_58' title='bbox 560 1056 724 1091; x_wconf 87' lang='lat' dir='ltr'><strong>causa</strong></span> <span class='ocrx_word' id='word_1_59' title='bbox 757 1035 938 1091; x_wconf 88' lang='lat' dir='ltr'><strong>valido</strong></span> <span class='ocrx_word' id='word_1_60' title='bbox 962 1048 1223 1091; x_wconf 87' lang='lat' dir='ltr'><strong>consueta</strong></span> <span class='ocrx_word' id='word_1_61' title='bbox 1247 1036 1455 1091; x_wconf 85' lang='lat' dir='ltr'><strong>bidenti</strong></span> <span class='ocrx_word' id='word_1_62' title='bbox 1637 1107 1640 1110; x_wconf 17' lang='grc' dir='ltr'>Ι</span> 
     </span>
     <span class='ocr_line' id='line_1_10' title="bbox 377 1135 1846 1212; baseline 0.002 -21"><span class='ocrx_word' id='word_1_63' title='bbox 377 1139 685 1212; x_wconf 86' lang='lat' dir='ltr'><strong>Ingemere,</strong></span> <span class='ocrx_word' id='word_1_64' title='bbox 722 1147 777 1190; x_wconf 90' lang='lat' dir='ltr'><strong>et</strong></span> <span class='ocrx_word' id='word_1_65' title='bbox 806 1147 1007 1190; x_wconf 90' lang='lat' dir='ltr'><strong>terram</strong></span> <span class='ocrx_word' id='word_1_66' title='bbox 1036 1135 1231 1211; x_wconf 86' lang='lat' dir='ltr'><strong>pressis</strong></span> <span class='ocrx_word' id='word_1_67' title='bbox 1257 1135 1607 1211; x_wconf 87' lang='lat' dir='ltr'><strong>proscindere</strong></span> <span class='ocrx_word' id='word_1_68' title='bbox 1636 1140 1846 1194; x_wconf 83' lang='lat' dir='ltr'><strong>aratriS.</strong></span> 
     </span>
     <span class='ocr_line' id='line_1_11' title="bbox 375 1232 1675 1311; baseline 0.001 -21"><span class='ocrx_word' id='word_1_69' title='bbox 375 1235 432 1310; x_wconf 80' lang='lat' dir='ltr'><strong>Si</strong></span> <span class='ocrx_word' id='word_1_70' title='bbox 461 1255 571 1289; x_wconf 92' lang='lat' dir='ltr'><strong>non</strong></span> <span class='ocrx_word' id='word_1_71' title='bbox 606 1232 882 1289; x_wconf 86' lang='lat' dir='ltr'><strong>foecundas</strong></span> <span class='ocrx_word' id='word_1_72' title='bbox 913 1245 1184 1288; x_wconf 86' lang='lat' dir='ltr'><strong>vertentes</strong></span> <span class='ocrx_word' id='word_1_73' title='bbox 1215 1253 1434 1289; x_wconf 86' lang='lat' dir='ltr'><strong>vomere</strong></span> <span class='ocrx_word' id='word_1_74' title='bbox 1465 1234 1675 1311; x_wconf 82' lang='lat' dir='ltr'><strong>glebas,</strong></span> 
     </span>
     <span class='ocr_line' id='line_1_12' title="bbox 378 1331 1727 1410; baseline 0.001 -22"><span class='ocrx_word' id='word_1_75' title='bbox 378 1334 678 1410; x_wconf 87' lang='lat' dir='ltr'><strong>Terraique</strong></span> <span class='ocrx_word' id='word_1_76' title='bbox 707 1331 882 1388; x_wconf 91' lang='lat' dir='ltr'><strong>solum</strong></span> <span class='ocrx_word' id='word_1_77' title='bbox 911 1332 1220 1409; x_wconf 87' lang='lat' dir='ltr'><strong>subigentes</strong></span> <span class='ocrx_word' id='word_1_78' title='bbox 1246 1334 1419 1389; x_wconf 90' lang='lat' dir='ltr'><strong>cimus</strong></span> <span class='ocrx_word' id='word_1_79' title='bbox 1447 1333 1516 1389; x_wconf 90' lang='lat' dir='ltr'><strong>ad</strong></span> <span class='ocrx_word' id='word_1_80' title='bbox 1551 1347 1727 1406; x_wconf 75' lang='lat' dir='ltr'><strong>ortUS‚</strong></span> 
     </span>
     <span class='ocr_line' id='line_1_13' title="bbox 375 1423 1807 1509; baseline 0.001 -21"><span class='ocrx_word' id='word_1_81' title='bbox 375 1435 582 1509; x_wconf 91' lang='lat' dir='ltr'><strong>Sponte</strong></span> <span class='ocrx_word' id='word_1_82' title='bbox 612 1453 709 1488; x_wconf 90' lang='lat' dir='ltr'><strong>sua</strong></span> <span class='ocrx_word' id='word_1_83' title='bbox 735 1423 1005 1508; x_wconf 76' lang='lat' dir='ltr'><strong>nequeant</strong></span> <span class='ocrx_word' id='word_1_84' title='bbox 1031 1430 1264 1508; x_wconf 87' lang='lat' dir='ltr'><strong>liquidas</strong></span> <span class='ocrx_word' id='word_1_85' title='bbox 1287 1433 1514 1489; x_wconf 79' lang='lat' dir='ltr'><strong>existere</strong></span> <span class='ocrx_word' id='word_1_86' title='bbox 1544 1435 1599 1489; x_wconf 93' lang='lat' dir='ltr'><strong>in</strong></span> <span class='ocrx_word' id='word_1_87' title='bbox 1632 1444 1807 1490; x_wconf 85' lang='lat' dir='ltr'><strong>auras.</strong></span> 
     </span>
     <span class='ocr_line' id='line_1_14' title="bbox 371 1519 1876 1608; baseline 0.003 -21"><span class='ocrx_word' id='word_1_88' title='bbox 371 1535 442 1588; x_wconf 88' lang='lat' dir='ltr'><strong>Et</strong></span> <span class='ocrx_word' id='word_1_89' title='bbox 476 1544 661 1587; x_wconf 84' lang='lat' dir='ltr'><strong>tamen</strong></span> <span class='ocrx_word' id='word_1_90' title='bbox 693 1530 965 1587; x_wconf 90' lang='lat' dir='ltr'><strong>interdum</strong></span> <span class='ocrx_word' id='word_1_91' title='bbox 992 1552 1192 1608; x_wconf 87' lang='lat' dir='ltr'><strong>magno</strong></span> <span class='ocrx_word' id='word_1_92' title='bbox 1220 1534 1444 1608; x_wconf 86' lang='lat' dir='ltr'><strong>quaesita</strong></span> <span class='ocrx_word' id='word_1_93' title='bbox 1471 1532 1681 1607; x_wconf 89' lang='lat' dir='ltr'><strong>labore,</strong></span> <span class='ocrx_word' id='word_1_94' title='bbox 1873 1519 1876 1522; x_wconf 12' lang='grc' dir='ltr'><em>Α</em></span> 
     </span>
     <span class='ocr_line' id='line_1_15' title="bbox 371 1629 2006 1709; baseline 0.002 -23"><span class='ocrx_word' id='word_1_95' title='bbox 371 1633 561 1704; x_wconf 88' lang='lat' dir='ltr'><strong>Quum</strong></span> <span class='ocrx_word' id='word_1_96' title='bbox 586 1633 703 1706; x_wconf 86' lang='lat' dir='ltr'><strong>jam</strong></span> <span class='ocrx_word' id='word_1_97' title='bbox 736 1651 834 1706; x_wconf 88' lang='lat' dir='ltr'><strong>per</strong></span> <span class='ocrx_word' id='word_1_98' title='bbox 862 1642 1035 1686; x_wconf 85' lang='lat' dir='ltr'><strong>terras</strong></span> <span class='ocrx_word' id='word_1_99' title='bbox 1064 1629 1348 1703; x_wconf 85' lang='lat' dir='ltr'><strong>frondent,</strong></span> <span class='ocrx_word' id='word_1_100' title='bbox 1383 1644 1546 1709; x_wconf 91' lang='lat' dir='ltr'><strong>atque</strong></span> <span class='ocrx_word' id='word_1_101' title='bbox 1573 1636 1759 1690; x_wconf 91' lang='lat' dir='ltr'><strong>omnia</strong></span> <span class='ocrx_word' id='word_1_102' title='bbox 1781 1634 2006 1702; x_wconf 82' lang='lat' dir='ltr'><strong>florent3</strong></span> 
     </span>
     <span class='ocr_line' id='line_1_16' title="bbox 369 1729 1647 1805; baseline 0.002 -19"><span class='ocrx_word' id='word_1_103' title='bbox 369 1734 482 1787; x_wconf 89' lang='lat' dir='ltr'><strong>Aut</strong></span> <span class='ocrx_word' id='word_1_104' title='bbox 512 1731 692 1786; x_wconf 90' lang='lat' dir='ltr'><strong>nimiis</strong></span> <span class='ocrx_word' id='word_1_105' title='bbox 726 1741 898 1785; x_wconf 87' lang='lat' dir='ltr'><strong>torret</strong></span> <span class='ocrx_word' id='word_1_106' title='bbox 924 1729 1228 1785; x_wconf 85' lang='lat' dir='ltr'><strong>fervoribus</strong></span> <span class='ocrx_word' id='word_1_107' title='bbox 1262 1730 1513 1787; x_wconf 86' lang='lat' dir='ltr'><strong>aetherius</strong></span> <span class='ocrx_word' id='word_1_108' title='bbox 1541 1733 1647 1805; x_wconf 85' lang='lat' dir='ltr'><strong>sol,</strong></span> 
     </span>
     <span class='ocr_line' id='line_1_17' title="bbox 370 1828 1838 1908; baseline 0.002 -22"><span class='ocrx_word' id='word_1_109' title='bbox 370 1836 480 1886; x_wconf 89' lang='lat' dir='ltr'><strong>Aut</strong></span> <span class='ocrx_word' id='word_1_110' title='bbox 512 1829 676 1885; x_wconf 89' lang='lat' dir='ltr'><strong>subiti</strong></span> <span class='ocrx_word' id='word_1_111' title='bbox 702 1830 979 1908; x_wconf 87' lang='lat' dir='ltr'><strong>perimunt</strong></span> <span class='ocrx_word' id='word_1_112' title='bbox 1010 1829 1239 1902; x_wconf 85' lang='lat' dir='ltr'><strong>imbres,</strong></span> <span class='ocrx_word' id='word_1_113' title='bbox 1269 1828 1566 1907; x_wconf 83' lang='lat' dir='ltr'><strong>gelidaeque</strong></span> <span class='ocrx_word' id='word_1_114' title='bbox 1598 1834 1838 1908; x_wconf 87' lang='lat' dir='ltr'><strong>pruinae,</strong></span> 
     </span>
     <span class='ocr_line' id='line_1_18' title="bbox 368 1927 1746 2006; baseline 0.002 -22"><span class='ocrx_word' id='word_1_115' title='bbox 368 1932 410 1984; x_wconf 91' lang='lat' dir='ltr'>F</span> <span class='ocrx_word' id='word_1_116' title='bbox 415 1928 672 2006; x_wconf 87' lang='lat' dir='ltr'><strong>labraque</strong></span> <span class='ocrx_word' id='word_1_117' title='bbox 694 1942 985 1985; x_wconf 88' lang='lat' dir='ltr'><strong>ventorum</strong></span> <span class='ocrx_word' id='word_1_118' title='bbox 1013 1927 1254 1985; x_wconf 88' lang='lat' dir='ltr'><strong>violento</strong></span> <span class='ocrx_word' id='word_1_119' title='bbox 1281 1929 1502 1986; x_wconf 91' lang='lat' dir='ltr'><strong>turbine</strong></span> <span class='ocrx_word' id='word_1_120' title='bbox 1532 1945 1746 1987; x_wconf 84' lang='lat' dir='ltr'><strong>vexant.</strong></span> 
     </span>
     <span class='ocr_line' id='line_1_19' title="bbox 368 2028 1765 2106; baseline 0.002 -23"><span class='ocrx_word' id='word_1_121' title='bbox 368 2031 659 2101; x_wconf 80' lang='lat' dir='ltr'><strong>Praeterea,</strong></span> <span class='ocrx_word' id='word_1_122' title='bbox 695 2048 864 2106; x_wconf 87' lang='lat' dir='ltr'><strong>genus</strong></span> <span class='ocrx_word' id='word_1_123' title='bbox 895 2028 1228 2084; x_wconf 87' lang='lat' dir='ltr'><strong>horriferum</strong></span> <span class='ocrx_word' id='word_1_124' title='bbox 1256 2030 1469 2086; x_wconf 83' lang='lat' dir='ltr'><strong>Natura</strong></span> <span class='ocrx_word' id='word_1_125' title='bbox 1497 2030 1765 2103; x_wconf 89' lang='lat' dir='ltr'><strong>ferarum,</strong></span> 
     </span>
     <span class='ocr_line' id='line_1_20' title="bbox 370 2127 1739 2206; baseline 0.002 -24"><span class='ocrx_word' id='word_1_126' title='bbox 370 2130 639 2182; x_wconf 76' lang='lat' dir='ltr'><strong>Humanae</strong></span> <span class='ocrx_word' id='word_1_127' title='bbox 668 2127 815 2204; x_wconf 85' lang='lat' dir='ltr'><strong>genti</strong></span> <span class='ocrx_word' id='word_1_128' title='bbox 851 2127 1143 2198; x_wconf 87' lang='lat' dir='ltr'><strong>infestum,</strong></span> <span class='ocrx_word' id='word_1_129' title='bbox 1181 2140 1435 2205; x_wconf 89' lang='lat' dir='ltr'><strong>terraque</strong></span> <span class='ocrx_word' id='word_1_130' title='bbox 1466 2131 1739 2206; x_wconf 85' lang='lat' dir='ltr'><strong>marique,</strong></span> 
     </span>
     <span class='ocr_line' id='line_1_21' title="bbox 367 2225 1835 2306; baseline 0.003 -25"><span class='ocrx_word' id='word_1_131' title='bbox 367 2227 483 2281; x_wconf 91' lang='lat' dir='ltr'><strong>Cur</strong></span> <span class='ocrx_word' id='word_1_132' title='bbox 512 2225 606 2282; x_wconf 89' lang='lat' dir='ltr'><strong>alit</strong></span> <span class='ocrx_word' id='word_1_133' title='bbox 630 2239 795 2303; x_wconf 86' lang='lat' dir='ltr'><strong>atque</strong></span> <span class='ocrx_word' id='word_1_134' title='bbox 822 2226 1020 2303; x_wconf 77' lang='lat' dir='ltr'><strong>auget?</strong></span> <span class='ocrx_word' id='word_1_135' title='bbox 1052 2247 1150 2282; x_wconf 85' lang='lat' dir='ltr'><strong>cur</strong></span> <span class='ocrx_word' id='word_1_136' title='bbox 1179 2228 1310 2282; x_wconf 88' lang='lat' dir='ltr'><strong>anni</strong></span> <span class='ocrx_word' id='word_1_137' title='bbox 1335 2239 1583 2306; x_wconf 86' lang='lat' dir='ltr'><strong>tempora</strong></span> <span class='ocrx_word' id='word_1_138' title='bbox 1614 2230 1835 2285; x_wconf 88' lang='lat' dir='ltr'><strong>morbos</strong></span> 
     </span>
     <span class='ocr_line' id='line_1_22' title="bbox 367 2325 1707 2406; baseline 0.002 -25"><span class='ocrx_word' id='word_1_139' title='bbox 367 2325 715 2402; x_wconf 81' lang='lat' dir='ltr'><strong>Adportant?</strong></span> <span class='ocrx_word' id='word_1_140' title='bbox 747 2346 915 2400; x_wconf 86' lang='lat' dir='ltr'><strong>quare</strong></span> <span class='ocrx_word' id='word_1_141' title='bbox 943 2346 1091 2381; x_wconf 90' lang='lat' dir='ltr'><strong>mors</strong></span> <span class='ocrx_word' id='word_1_142' title='bbox 1116 2327 1408 2383; x_wconf 89' lang='lat' dir='ltr'><strong>immatura</strong></span> <span class='ocrx_word' id='word_1_143' title='bbox 1440 2328 1707 2406; x_wconf 81' lang='lat' dir='ltr'><strong>vagatur?</strong></span> 
     </span>
     <span class='ocr_line' id='line_1_23' title="bbox 447 2422 1837 2502; baseline 0.002 -24"><span class='ocrx_word' id='word_1_144' title='bbox 447 2426 591 2478; x_wconf 91' lang='lat' dir='ltr'><strong>Tum</strong></span> <span class='ocrx_word' id='word_1_145' title='bbox 620 2444 787 2500; x_wconf 90' lang='lat' dir='ltr'><strong>porro</strong></span> <span class='ocrx_word' id='word_1_146' title='bbox 819 2445 976 2500; x_wconf 86' lang='lat' dir='ltr'><strong>puer,</strong></span> <span class='ocrx_word' id='word_1_147' title='bbox 1006 2436 1070 2479; x_wconf 89' lang='lat' dir='ltr'><strong>ut</strong></span> <span class='ocrx_word' id='word_1_148' title='bbox 1097 2422 1249 2480; x_wconf 85' lang='lat' dir='ltr'><strong>saevis</strong></span> <span class='ocrx_word' id='word_1_149' title='bbox 1280 2427 1553 2502; x_wconf 88' lang='lat' dir='ltr'><strong>projectus</strong></span> <span class='ocrx_word' id='word_1_150' title='bbox 1576 2428 1643 2483; x_wconf 87' lang='lat' dir='ltr'><strong>ab</strong></span> <span class='ocrx_word' id='word_1_151' title='bbox 1674 2426 1837 2482; x_wconf 89' lang='lat' dir='ltr'><strong>undis</strong></span> 
     </span>
     <span class='ocr_line' id='line_1_24' title="bbox 368 2522 1838 2602; baseline -0.001 -21"><span class='ocrx_word' id='word_1_152' title='bbox 368 2523 596 2595; x_wconf 81' lang='lat' dir='ltr'><strong>Navita,</strong></span> <span class='ocrx_word' id='word_1_153' title='bbox 627 2522 805 2578; x_wconf 92' lang='lat' dir='ltr'><strong>nudus</strong></span> <span class='ocrx_word' id='word_1_154' title='bbox 828 2523 987 2580; x_wconf 91' lang='lat' dir='ltr'><strong>humi</strong></span> <span class='ocrx_word' id='word_1_155' title='bbox 1006 2524 1178 2599; x_wconf 87' lang='lat' dir='ltr'><strong>jacet,</strong></span> <span class='ocrx_word' id='word_1_156' title='bbox 1211 2525 1413 2596; x_wconf 86' lang='lat' dir='ltr'><strong>infans,</strong></span> <span class='ocrx_word' id='word_1_157' title='bbox 1443 2526 1665 2602; x_wconf 85' lang='lat' dir='ltr'><strong>indigus</strong></span> <span class='ocrx_word' id='word_1_158' title='bbox 1689 2526 1838 2582; x_wconf 91' lang='lat' dir='ltr'><strong>omni</strong></span> 
     </span>
     <span class='ocr_line' id='line_1_25' title="bbox 371 2621 1725 2700; baseline 0.001 -21"><span class='ocrx_word' id='word_1_159' title='bbox 371 2622 518 2679; x_wconf 89' lang='lat' dir='ltr'><strong>Vitai</strong></span> <span class='ocrx_word' id='word_1_160' title='bbox 545 2621 773 2693; x_wconf 85' lang='lat' dir='ltr'><strong>auxilio,</strong></span> <span class='ocrx_word' id='word_1_161' title='bbox 803 2643 973 2699; x_wconf 85' lang='lat' dir='ltr'><strong>quum</strong></span> <span class='ocrx_word' id='word_1_162' title='bbox 1004 2624 1242 2700; x_wconf 87' lang='lat' dir='ltr'><strong>primum</strong></span> <span class='ocrx_word' id='word_1_163' title='bbox 1275 2624 1332 2678; x_wconf 91' lang='lat' dir='ltr'><strong>in</strong></span> <span class='ocrx_word' id='word_1_164' title='bbox 1357 2622 1577 2680; x_wconf 84' lang='lat' dir='ltr'><strong>luminis</strong></span> <span class='ocrx_word' id='word_1_165' title='bbox 1604 2646 1725 2680; x_wconf 87' lang='lat' dir='ltr'><strong>oras</strong></span> 
     </span>
     <span class='ocr_line' id='line_1_26' title="bbox 366 2720 1616 2799; baseline 0.001 -21"><span class='ocrx_word' id='word_1_166' title='bbox 366 2723 417 2778; x_wconf 93' lang='lat' dir='ltr'>N</span> <span class='ocrx_word' id='word_1_167' title='bbox 423 2722 599 2777; x_wconf 86' lang='lat' dir='ltr'><strong>ixibus</strong></span> <span class='ocrx_word' id='word_1_168' title='bbox 635 2743 700 2777; x_wconf 86' lang='lat' dir='ltr'><strong>ex</strong></span> <span class='ocrx_word' id='word_1_169' title='bbox 731 2720 854 2777; x_wconf 90' lang='lat' dir='ltr'><strong>alvo</strong></span> <span class='ocrx_word' id='word_1_170' title='bbox 889 2723 1077 2778; x_wconf 88' lang='lat' dir='ltr'><strong>matris</strong></span> <span class='ocrx_word' id='word_1_171' title='bbox 1103 2724 1316 2779; x_wconf 85' lang='lat' dir='ltr'><strong>Natura</strong></span> <span class='ocrx_word' id='word_1_172' title='bbox 1342 2722 1616 2799; x_wconf 82' lang='lat' dir='ltr'><strong>profudit3</strong></span> 
     </span>
     <span class='ocr_line' id='line_1_27' title="bbox 367 2819 1911 2899; baseline 0.004 -24"><span class='ocrx_word' id='word_1_173' title='bbox 367 2822 681 2897; x_wconf 84' lang='lat' dir='ltr'><strong>Vagituque</strong></span> <span class='ocrx_word' id='word_1_174' title='bbox 707 2819 892 2877; x_wconf 90' lang='lat' dir='ltr'><strong>locum</strong></span> <span class='ocrx_word' id='word_1_175' title='bbox 922 2819 1142 2899; x_wconf 85' lang='lat' dir='ltr'><strong>lugubri</strong></span> <span class='ocrx_word' id='word_1_176' title='bbox 1175 2819 1437 2899; x_wconf 85' lang='lat' dir='ltr'><strong>complet,</strong></span> <span class='ocrx_word' id='word_1_177' title='bbox 1471 2835 1534 2878; x_wconf 90' lang='lat' dir='ltr'><strong>ut</strong></span> <span class='ocrx_word' id='word_1_178' title='bbox 1560 2843 1775 2899; x_wconf 73' lang='lat' dir='ltr'><strong>aequum</strong></span> <span class='ocrx_word' id='word_1_179' title='bbox 1803 2837 1911 2896; x_wconf 89' lang='lat' dir='ltr'><strong>est,</strong></span> 
     </span>
     <span class='ocr_line' id='line_1_28' title="bbox 369 2921 1728 2979; baseline 0.003 -4"><span class='ocrx_word' id='word_1_180' title='bbox 369 2921 477 2976; x_wconf 88' lang='lat' dir='ltr'><strong>Cui</strong></span> <span class='ocrx_word' id='word_1_181' title='bbox 511 2933 726 2977; x_wconf 89' lang='lat' dir='ltr'><strong>tantum</strong></span> <span class='ocrx_word' id='word_1_182' title='bbox 755 2922 812 2976; x_wconf 91' lang='lat' dir='ltr'><strong>in</strong></span> <span class='ocrx_word' id='word_1_183' title='bbox 842 2922 958 2977; x_wconf 57' lang='lat' dir='ltr'><strong>vita‘</strong></span> <span class='ocrx_word' id='word_1_184' title='bbox 989 2934 1155 2977; x_wconf 89' lang='lat' dir='ltr'><strong>restet</strong></span> <span class='ocrx_word' id='word_1_185' title='bbox 1185 2923 1414 2978; x_wconf 89' lang='lat' dir='ltr'><strong>transire</strong></span> <span class='ocrx_word' id='word_1_186' title='bbox 1444 2922 1728 2979; x_wconf 89' lang='lat' dir='ltr'><strong>malorum.</strong></span> 
     </span>
     <span class='ocr_line' id='line_1_29' title="bbox 373 3021 1826 3101; baseline 0.003 -25"><span class='ocrx_word' id='word_1_187' title='bbox 373 3022 447 3076; x_wconf 87' lang='lat' dir='ltr'><strong>At</strong></span> <span class='ocrx_word' id='word_1_188' title='bbox 477 3022 640 3077; x_wconf 77' lang='lat' dir='ltr'><strong>variae</strong></span> <span class='ocrx_word' id='word_1_189' title='bbox 672 3033 923 3077; x_wconf 87' lang='lat' dir='ltr'><strong>crescunt</strong></span> <span class='ocrx_word' id='word_1_190' title='bbox 951 3021 1213 3099; x_wconf 82' lang='lat' dir='ltr'><strong>pecudeS,</strong></span> <span class='ocrx_word' id='word_1_191' title='bbox 1250 3035 1498 3078; x_wconf 86' lang='lat' dir='ltr'><strong>armenta</strong></span> <span class='ocrx_word' id='word_1_192' title='bbox 1517 3066 1532 3095; x_wconf 94' lang='lat'><strong>,</strong></span> <span class='ocrx_word' id='word_1_193' title='bbox 1563 3023 1826 3101; x_wconf 82' lang='lat' dir='ltr'><strong>feraeque3</strong></span> 
     </span>
     <span class='ocr_line' id='line_1_30' title="bbox 371 3119 2084 3202; baseline 0.001 -26"><span class='ocrx_word' id='word_1_194' title='bbox 371 3120 490 3176; x_wconf 87' lang='lat' dir='ltr'><strong>Nec</strong></span> <span class='ocrx_word' id='word_1_195' title='bbox 520 3119 853 3197; x_wconf 82' lang='lat' dir='ltr'><strong>crepitacula</strong></span> <span class='ocrx_word' id='word_1_196' title='bbox 873 3122 948 3176; x_wconf 89' lang='lat' dir='ltr'><strong>eis</strong></span> <span class='ocrx_word' id='word_1_197' title='bbox 972 3133 1245 3202; x_wconf 8' lang='lat' dir='ltr'><strong>opusnest,</strong></span> <span class='ocrx_word' id='word_1_198' title='bbox 1274 3142 1372 3178; x_wconf 89' lang='lat' dir='ltr'><strong>nec</strong></span> <span class='ocrx_word' id='word_1_199' title='bbox 1398 3121 1651 3199; x_wconf 83' lang='lat' dir='ltr'><strong>cuiquam</strong></span> <span class='ocrx_word' id='word_1_200' title='bbox 1677 3121 1981 3179; x_wconf 88' lang='lat' dir='ltr'><strong>adhibenda</strong></span> <span class='ocrx_word' id='word_1_201' title='bbox 2004 3134 2084 3177; x_wconf 86' lang='lat' dir='ltr'><strong>est</strong></span> 
     </span>
     <span class='ocr_line' id='line_1_31' title="bbox 369 3216 1757 3298; baseline 0.004 -26"><span class='ocrx_word' id='word_1_202' title='bbox 369 3216 538 3272; x_wconf 85' lang='lat' dir='ltr'><strong>Almae</strong></span> <span class='ocrx_word' id='word_1_203' title='bbox 572 3221 801 3276; x_wconf 87' lang='lat' dir='ltr'><strong>nutricis</strong></span> <span class='ocrx_word' id='word_1_204' title='bbox 834 3219 1035 3277; x_wconf 88' lang='lat' dir='ltr'><strong>blanda</strong></span> <span class='ocrx_word' id='word_1_205' title='bbox 1062 3233 1225 3297; x_wconf 84' lang='lat' dir='ltr'><strong>atque</strong></span> <span class='ocrx_word' id='word_1_206' title='bbox 1255 3221 1483 3277; x_wconf 84' lang='lat' dir='ltr'><strong>infracta</strong></span> <span class='ocrx_word' id='word_1_207' title='bbox 1512 3221 1757 3298; x_wconf 77' lang='lat' dir='ltr'><strong>loquela3</strong></span> 
     </span>
    </p>
   </div>
  </div>
 </body>
</html>
