2320 3866
415 211 503 257 232
996 217 1048 258 T.
1085 215 1374 260 LUCRETII
1411 217 1550 261 CARI
1932 211 1983 262 (v.
2002 213 2114 264 653.)

411 316 576 387 Quod
602 316 742 372 bene
771 319 1108 393 propositum
1137 321 1180 374 si
1215 318 1378 397 plane
1411 331 1702 375 contueare
1757 391 1763 401 .

410 416 489 470 Ac
522 415 704 470 videas
734 414 928 492 plane,
959 418 1147 472 mirari
1181 418 1355 474 multa
1385 418 1673 494 relinquas

490 516 640 570 Num
671 515 791 590 quis
824 516 967 571 enim
997 529 1246 572 nostrum
1273 519 1522 589 miratur,
1557 517 1600 572 si
1635 515 1756 591 quis
1785 514 1842 568 in
1871 525 2018 568 artus

409 615 632 691 Accepit
661 614 837 670 calido
867 615 1059 671 febrim
1087 616 1302 672 fervore
1338 630 1606 687 coortam,
1668 687 1673 695 ..

409 714 525 769 Aut
551 713 718 769 alium
747 716 993 791 quemvis
1026 717 1202 772 morbi
1229 738 1327 793 per
1355 717 1595 772 membra
1625 708 1907 770 dolorem?

410 813 769 891 Obturgescit
793 815 937 870 enim
967 815 1145 871 subito
1175 836 1298 891 pes,
1323 817 1514 892 arripit
1543 835 1668 870 acer

409 913 559 988 Saepe
593 913 750 969 dolor
778 914 988 987 dentes,
1024 913 1207 970 oculos
1240 914 1450 970 invadit
1484 915 1540 968 in
1573 915 1747 989 ipsos;

407 1012 605 1067 Existit
633 1033 784 1068 sacer
813 1015 951 1089 ignis
972 1056 987 1085 ,
1016 1027 1070 1069 et
1099 1016 1212 1068 urit
1240 1034 1470 1090 corpore
1498 1017 1732 1088 serpens

408 1111 807 1186 Quamcunque
832 1112 1064 1186 arripuit
1093 1124 1334 1186 partem,
1370 1111 1620 1186 repitque
1649 1131 1746 1186 per
1772 1122 1921 1165 artus
1957 1131 1968 1163 :

406 1210 712 1281 Nimirum,
743 1211 871 1286 quia
903 1222 1030 1266 sunt
1058 1209 1357 1265 multarum
1390 1210 1598 1264 semina
1623 1224 1842 1279 rerum,

406 1311 479 1364 Et
510 1311 639 1365 satis
673 1310 789 1365 haec
815 1309 974 1366 tellus
1006 1309 1164 1364 nobis
1192 1308 1496 1385 coelumque
1523 1305 1651 1363 mali
1676 1308 1810 1379 fert,

406 1409 567 1465 Unde
601 1422 763 1486 queat
797 1412 875 1465 vis
903 1411 1152 1465 immensi
1172 1408 1735 1487 procrescere-morbi
1772 1430 1783 1462 :
1824 1411 1828 1414 ’

406 1509 495 1564 Sic
523 1510 692 1586 igitur
722 1511 821 1565 toti
855 1509 991 1565 coelo
1019 1522 1285 1585 terraeque
1311 1508 1620 1586 putandum
1645 1519 1727 1563 est

405 1611 487 1663 Ex
520 1608 734 1664 infinito
766 1611 896 1665 satis
927 1611 1113 1665 omnia
1141 1608 1517 1687 suppeditare,

407 1707 571 1763 Unde
598 1720 825 1785 repente
863 1721 1031 1785 queat
1055 1707 1214 1764 tellus
1244 1729 1506 1764 concussa
1539 1709 1773 1779 moveri,

404 1808 618 1883 Perque
651 1828 802 1862 mare
833 1819 886 1862 et
914 1820 1084 1863 terras
1112 1807 1335 1884 rapidus
1363 1827 1679 1883 percurrere
1709 1807 1899 1877 turb0,

404 1907 555 1982 Ignis
588 1906 870 1962 abundare
901 1909 1171 1977 AEtnaeuS,
1203 1906 1570 1962 flammescere
1602 1904 1836 1977 coelum3

406 2004 472 2060 Id
503 2026 722 2081 quoque
749 2007 895 2060 enim
923 2006 1013 2076 fit,
1039 2018 1092 2061 et
1120 2005 1411 2061 ardescunt
1438 2003 1676 2061 coelestia
1701 2003 1929 2081 templa,

405 2106 485 2159 Ut
512 2115 860 2180 tempestates
891 2103 1089 2180 pluviae
1119 2105 1370 2181 graviore
1399 2117 1591 2160 coortu

405 2204 573 2272 Sunt,
602 2203 698 2258 ubi
725 2203 868 2259 forte
902 2204 979 2259 ita
1007 2224 1063 2259 se
1091 2203 1399 2260 retulerunt
1427 2205 1631 2260 semina
1661 2224 1944 2280 aquarum.

488 2306 565 2359 At
591 2304 756 2358 nimis
784 2317 866 2359 est
894 2305 1084 2380 ingens
1117 2303 1334 2360 incendi
1363 2303 1615 2360 turbidus
1644 2303 1808 2358 ardor
1834 2326 1845 2358 :
1904 2306 1907 2308 ’

406 2401 627 2458 Scilicet
662 2415 716 2458 et
752 2403 976 2473 fluviUS‚
1010 2404 1104 2479 qui
1137 2425 1250 2459 non
1284 2416 1390 2474 est,
1413 2404 1682 2459 maximus
1717 2404 1786 2458 eii
1823 2415 1926 2472 est,

405 2502 519 2573 Qui
543 2522 656 2557 non
682 2514 806 2557 ante
834 2500 1072 2578 aliquem
1103 2504 1370 2578 majorem
1396 2503 1561 2575 vidit,
1595 2515 1648 2558 et
1671 2504 1861 2579 ingens

404 2602 587 2658 Arbor
608 2602 886 2678 homoque
910 2600 1145 2673 videtur,
1174 2614 1231 2658 et
1253 2603 1438 2658 omnia
1462 2602 1530 2657 de
1553 2622 1751 2678 genere
1780 2602 1954 2673 omni,

404 2703 648 2758 Maxima
675 2723 797 2779 quae
824 2701 964 2758 vidit
987 2703 1249 2779 quisque,
1280 2703 1396 2759 haec
1421 2703 1662 2780 ingentia
1686 2702 1845 2778 fingit
1874 2724 1886 2756 ε

406 2806 597 2877 Quum
629 2817 813 2861 tamen
842 2806 1026 2861 omnia
1064 2825 1188 2861 cum
1223 2803 1387 2875 coeIO,
1427 2816 1705 2880 terraque,
1747 2803 1995 2878 marique

405 2904 501 2964 Nil
528 2907 637 2961 sint
656 2905 727 2961 ad
752 2927 1024 2962 summam
1053 2906 1286 2962 summai
1311 2905 1481 2961 totius
1511 2925 1749 2960 omnem.

484 3006 650 3063 Nunc
684 3018 901 3079 tamen,
934 3006 1027 3062 illa
1056 3005 1231 3062 modis
1271 3005 1469 3081 quibus
1504 3005 1729 3059 inritata
1756 3014 1977 3080 repente

406 3103 648 3162 Flamma
671 3104 815 3163 foras
838 3107 1004 3162 vastis
1029 3109 1202 3163 AEtnae
1231 3104 1542 3160 fornacibus
1567 3101 1711 3158 efflet
1726 3146 1741 3175 ,

407 3205 707 3280 Expediam
735 3227 747 3261 ε
774 3206 1017 3283 primum
1049 3207 1216 3262 totius
1251 3205 1487 3261 subcava
1516 3203 1719 3259 montis
