2320 3866
417 254 442 297 3
450 254 473 299 3
480 268 508 297 ο
1021 254 1432 299 ADNOTATION
1436 254 1506 298 Es

482 350 680 394 merem
714 350 772 395 de
806 349 1018 410 quolibet
1049 350 1246 395 humore
1291 349 1409 407 dici,
1436 349 1615 395 Wakef.
1652 350 1888 406 observat,
1919 350 2112 396 laudans

416 425 570 486 Virg.,
592 427 772 470 AEneid.
786 458 802 479 ,
828 441 846 469 1
861 460 873 482 ‚
907 425 992 469 123
1009 459 1022 481 ,
1045 423 1207 484 ibique
1229 424 1451 470 Servium.

482 503 654 547 Versus
675 499 763 562 159
791 509 837 546 et
858 499 1093 560 sequentis
1115 499 1299 545 initium
1321 516 1428 546 cum
1446 501 1600 546 multis
1623 501 1721 546 aliis
1746 500 1966 561 exemplis
1984 501 2115 545 verbi

410 577 596 638 fulgere
621 577 756 621 affert
779 578 986 634 Nonius,
1016 593 1068 633 x,
1097 592 1169 620 12.

481 655 676 712 Fulgere
701 651 761 714 (v.
794 651 917 716 164).
942 655 980 697 Ι.
1005 668 1045 697 e.
1067 660 1112 701 τὸ
1122 651 1340 713 fulgere,
1374 654 1446 697 vel
1463 651 1642 714 fulgur.

483 727 672 772 Arboris
713 738 897 773 auctum
929 725 990 792 (v.
1038 725 1161 791 167).
1195 729 1241 773 Ι,
1269 743 1307 773 e.
1344 728 1522 774 arboris
1550 730 1745 786 molem,
1775 728 2002 787 arborem.
2044 726 2111 770 cf.

418 819 483 861 11,
510 803 629 861 4813
658 819 710 862 v,
742 819 879 862 1¹7⁰·

479 880 683 939 Ingratck·
705 877 766 942 (v.
793 877 919 942 215).
945 879 1092 938 Velit,
1115 879 1253 938 nolit;
1275 895 1384 925 nam
1402 879 1603 926 diductis
1627 879 1831 925 nubibus
1845 892 2028 923 necesse
2051 886 2117 921 est

415 955 612 1001 inclusas
638 955 758 1016 ignis
779 955 996 1001 scintillas
1019 971 1275 1014 erumpere.
2121 939 2131 947 ⁰

484 1031 783 1074 Lateramc'na
805 1028 865 1090 (v.
903 1027 1029 1091 232).
1056 1029 1195 1074 Dolia
1218 1031 1341 1074 enim
1361 1030 1537 1074 vinaria
1558 1030 1744 1075 lateritii
1777 1028 1929 1090 operis
1960 1035 2090 1073 erant
2107 1061 2118 1081 ‚

415 1105 613 1149 Horatio
645 1113 790 1162 teste3
819 1113 865 1149 et
897 1119 956 1148 ex
987 1106 1154 1162 latere,
1179 1108 1434 1150 lateramen
1444 1139 1461 1159 ,
1495 1113 1550 1149 ut
1587 1121 1644 1150 ex
1675 1105 1824 1162 ferro,
1843 1106 2088 1163 fert-amen
2104 1136 2115 1154 ,

418 1194 477 1223 ex
501 1194 611 1236 aere,
643 1195 877 1233 oeramen,
904 1187 989 1224 etc.
1018 1180 1236 1224 Ceterum
1259 1195 1355 1225 vox
1388 1182 1644 1225 lateramen
1678 1186 1789 1236 ἅπαξ
1810 1187 2016 1243 λεγόμενον
2040 1178 2115 1222 Vi·-

365 1274 368 1277 ·
419 1253 571 1298 detur.

482 1332 685 1375 AEtatem
721 1327 786 1394 (v.
820 1329 946 1395 235).
978 1333 1015 1376 Ι.
1047 1347 1086 1376 e.
1121 1347 1206 1391 per
1243 1339 1445 1389 aetatem,
1478 1346 1565 1391 per
1597 1332 1791 1392 longum
1820 1337 2016 1388 tempus.
2048 1327 2122 1372 Sic

416 1406 630 1463 Plautus,
652 1405 784 1451 Asin.
798 1438 814 1461 ‚
844 1422 911 1465 11,
937 1421 986 1464 2,
1011 1406 1039 1451 8
1067 1422 1078 1450 τ

598 1533 763 1570 AEtatem
780 1529 897 1570 velim
920 1529 1085 1580 servire,
1109 1530 1301 1571 Libanum
1320 1538 1363 1571 ut
1384 1530 1614 1572 conveniam
1636 1529 1766 1570 modo.

487 1647 678 1692 Pollens
693 1646 755 1711 (v.
784 1646 910 1712 236).
934 1647 1008 1692 Sic
1032 1663 1091 1692 ex
1111 1648 1327 1692 Lambini
1351 1648 1472 1707 conj.
1501 1647 1686 1693 Wakef.
1711 1645 1912 1691 restituit
1928 1646 2097 1689 cellens
2113 1677 2123 1694 ,

419 1722 448 1766 i.
480 1737 518 1766 e.
542 1722 764 1768 velociter
787 1723 985 1784 agitans,
1001 1723 1186 1768 fortiter
1207 1723 1467 1784 impellens,
1494 1723 1684 1780 feriens,
1708 1736 2005 1766 commovens
2026 1719 2127 1764 telis

419 1795 526 1842 suis.

486 1875 646 1917 Fertur
665 1874 859 1918 tenebris
873 1876 1043 1934 procul
1064 1872 1126 1937 (v.
1153 1873 1279 1938 257).
1298 1876 1334 1920 Ι.
1360 1891 1398 1921 e.
1426 1874 1477 1918 in
1499 1888 1684 1919 omnem
1705 1880 1886 1931 partem
1909 1871 2059 1914 fertur
2080 1878 2124 1913 et

422 1947 704 2010 dispergit-ur
729 1965 832 1993 cum
854 1948 1073 1994 tenebris.

485 2026 595 2083 Ipse
627 2022 688 2086 (v.
714 2023 840 2087 259).
886 2026 1070 2069 Nimbus
1096 2026 1288 2083 scilieet,
1311 2026 1485 2085 pariter
1506 2024 1692 2086 ignibus
1727 2038 1779 2068 ac
1803 2021 1951 2067 ventis
1972 2019 2126 2082 gravi-

421 2099 534 2156 dus,
563 2109 705 2160 atque
728 2109 973 2159 tempestas
999 2101 1270 2146 fulminibus
1296 2111 1342 2146 et
1366 2101 1597 2162 procellis.

486 2177 595 2221 Nisi
618 2177 906 2236 inaedificata
930 2192 1126 2235 superne
1154 2176 1217 2240 (v.
1247 2176 1375 2241 263).
1409 2177 1511 2224 Nisi
1541 2178 1690 2222 nubes
1723 2176 1819 2221 aliae
1849 2189 1989 2233 super
2019 2173 2128 2218 alias

422 2261 572 2298 essent
601 2262 907 2311 coacervatae,
931 2268 1035 2313 quae
1058 2253 1118 2298 ab
1141 2253 1355 2299 ulteriori
1374 2269 1627 2315 progressu
1646 2252 1805 2298 radios
1831 2250 1938 2296 solis
1959 2249 2124 2310 prohi-

422 2330 533 2373 bere
555 2329 748 2388 possint.

490 2407 546 2448 In
575 2406 675 2448 alto
708 2402 768 2467 (v.
795 2402 923 2467 276).
956 2406 1013 2448 In
1047 2407 1168 2451 cavis
1189 2407 1406 2454 videlicet
1440 2416 1486 2452 et
1518 2405 1767 2466 profundis
1794 2403 1991 2448 nubium
2024 2417 2130 2461 spe-

422 2479 584 2525 lunciS.

492 2556 769 2617 Contagibm·
791 2553 854 2618 (v,
880 2555 1006 2620 279).
1029 2559 1066 2601 Ι.
1089 2573 1128 2602 e.
1155 2566 1384 2603 contactu.
1411 2557 1486 2603 Sic
1512 2574 1601 2615 111,
1639 2559 1730 2615 734
1754 2575 1764 2601 :

600 2694 650 2731 Et
668 2691 771 2731 mala
793 2691 914 2731 multa
936 2691 1087 2731 animus
1109 2691 1261 2744 contagi
1282 2691 1455 2743 fungitur
1476 2693 1571 2744 ejus.

494 2823 737 2866 Pet-tentae
758 2818 820 2884 (v.
849 2820 975 2883 286).
1004 2821 1221 2866 Similiter
1251 2821 1404 2882 Virg.‚
1433 2822 1623 2881 Georg.‚
1654 2836 1736 2877 111,
1765 2820 1856 2879 259
1883 2838 1892 2862 :

601 2953 744 2999 Nonne
764 2959 871 2999 vides
890 2966 933 2999 ut
957 2965 1039 2999 tota
1057 2967 1201 2998 tremor
1222 2966 1415 3012 pertentet
1432 2971 1621 3011 equorum

600 3029 801 3081 Corpora?

494 3147 575 3190 Ad
601 3145 818 3189 diluviem
853 3160 1061 3189 revocare
1100 3144 1159 3207 (v.
1189 3143 1316 3208 291).
1356 3146 1551 3190 Sensum
1584 3143 1648 3188 sic
1679 3141 1874 3202 exponit
1906 3140 2082 3187 Wakef.
2117 3157 2126 3183 :

432 3238 455 3261 κι
476 3221 634 3265 AEther
654 3219 839 3265 videtur
866 3235 1087 3266 revocare
1109 3221 1295 3266 imbrem
1325 3220 1373 3265 in
1395 3220 1632 3275 diluviem,
1657 3218 1686 3263 i.
1713 3234 1752 3263 e.
1776 3217 1833 3264 de
1849 3231 1974 3273 novo
1996 3215 2129 3275 quasi
