2320 3866
449 247 539 278 212
1030 231 1082 273 T.
1118 227 1405 274 LUCRETll
1442 227 1582 272 CARI
1989 225 2039 275 (v.
2060 226 2141 276 53.)

446 338 761 413 Ignorantia
790 353 1075 390 causarum
1103 331 1348 388 conferre
1374 335 1615 388 Deorum

447 435 609 511 Cogit
632 434 700 489 ad
725 433 1013 508 imperium
1039 452 1123 487 res
1141 474 1156 501 ,
1188 444 1240 486 et
1267 431 1561 487 concedere
1586 447 1849 506 regnum3
1879 440 1933 482 et

446 536 698 606 Quorum
725 552 951 609 operum
983 550 1167 586 causas
1197 529 1346 585 nulla
1373 531 1582 585 ratione
1608 528 1791 584 videre

446 634 704 701 Possunt,
739 632 852 686 haec
875 630 993 685 fieri
1018 629 1202 684 divino
1236 630 1458 684 numine
1491 640 1680 683 rentur
1711 648 1722 682 :

446 731 591 786 Nam
620 730 755 784 bene
785 730 878 805 qui
908 728 1145 784 didicere
1171 731 1317 783 Deos
1346 747 1598 782 securum
1628 746 1784 803 agere
1811 743 1984 780 aevum
2004 766 2018 795 ,

447 831 505 884 Si
538 842 715 885 tamen
745 830 950 883 interea
974 813 1243 883 mirantur
1271 847 1379 903 qua
1407 820 1617 881 ratione

447 929 692 1004 Quaeque
721 930 834 1004 geri
860 928 1094 1004 possint,
1128 928 1424 1003 praesertim
1455 927 1615 982 rebus
1647 927 1702 980 in
1731 924 1834 980 illis

447 1025 585 1099 Quae
615 1047 809 1102 supera
839 1038 1002 1101 caput
1031 1026 1263 1080 aetheriis
1295 1038 1596 1080 cernuntur
1621 1026 1677 1079 in
1707 1025 1815 1079 oris
1834 1067 1848 1096 ,

445 1128 656 1180 Rursus
683 1126 739 1178 in
767 1125 1017 1198 antiquas
1048 1122 1361 1178 referuntur
1390 1121 1728 1198 relligiones,
1790 1171 1796 1177 .

444 1227 516 1278 Et
539 1223 787 1277 dominos
817 1221 1296 1277 acres'adsciscunt
1316 1263 1330 1292 ,
1359 1222 1540 1275 omnia
1567 1241 1723 1296 posse

445 1324 598 1394 Quos
628 1322 811 1376 miseri
845 1321 1072 1376 credunt
1089 1362 1103 1391 ,
1131 1320 1309 1396 ignari
1337 1319 1470 1395 quid
1495 1332 1658 1395 queat
1687 1340 1828 1391 esse,

446 1421 596 1492 Quid
626 1432 891 1496 nequeat;
919 1419 1070 1474 finita
1098 1430 1336 1495 potestas
1369 1417 1599 1494 denique
1625 1419 1822 1494 cuique

448 1522 703 1592 Quanam
729 1521 797 1576 sit
819 1520 1060 1590 ratione,
1086 1530 1248 1594 atque
1272 1516 1380 1573 alte
1405 1518 1665 1573 terminus
1691 1518 1896 1573 haerens
1920 1539 1935 1587 ;

445 1619 573 1690 Quo
601 1620 772 1695 magis
807 1631 1048 1674 errantes
1075 1630 1190 1673 tota
1214 1618 1433 1694 regione
1460 1617 1725 1672 feruntur.

526 1718 665 1789 Quae
688 1719 791 1772 nisi
817 1718 1023 1794 respuis
1053 1738 1119 1773 ex
1146 1717 1327 1772 animo
1364 1715 1633 1793 longeque
1657 1717 1888 1771 remittis
1906 1758 1920 1787 ,

444 1816 544 1873 Dis
568 1816 792 1893 indigna
818 1815 1059 1893 putando
1088 1814 1541 1892 alienaquepacis
1567 1835 1782 1887 eorum,
1803 1831 1808 1856 2

444 1913 726 1972 Delibrata
748 1916 930 1971 Deum
956 1936 1059 1991 perr
1078 1926 1128 1969 te
1154 1914 1251 1969 tibi
1277 1914 1503 1969 numina
1528 1926 1730 1969 sancta

445 2015 596 2090 Saepe
625 2014 890 2085 aderunt3
919 2034 1031 2069 non
1065 2013 1212 2089 quod
1242 2011 1433 2069 violari
1462 2006 1671 2069 summa
1695 2007 1882 2069 Deum
1902 2014 1985 2068 -vis

445 2114 654 2185 Possit,
681 2125 743 2169 ut
770 2134 835 2168 ex
867 2114 950 2168 ira
981 2133 1168 2189 poenas
1196 2124 1381 2189 petere
1410 2113 1638 2168 imbibat
1666 2132 1848 2183 acres3

446 2211 553 2268 Sed
580 2213 708 2288 quia
734 2224 848 2268 tute
877 2213 976 2268 tibi
1007 2211 1221 2289 placida
1253 2206 1534 2288 cum³pace
1559 2213 1769 2287 quietos

446 2312 759 2367 Constitues
781 2331 1006 2387 magnos
1033 2313 1238 2367 irarum
1262 2310 1479 2367 volvere
1506 2310 1734 2382 fluctus;

444 2411 562 2467 Nec
590 2408 816 2465 delubra
838 2411 1019 2465 Deum
1045 2410 1263 2487 placido
1293 2432 1419 2467 cum
1442 2424 1662 2489 pectore
1679 2403 1888 2478 'adibis3
1937 2420 1942 2424 ”

444 2509 499 2565 N
502 2528 560 2563 ec
583 2508 649 2564 de
674 2529 899 2584 corpore
923 2530 1042 2585 quae
1059 2522 1256 2566 rsancto
1285 2509 1574 2567 simulacra
1601 2512 1853 2566 feruntur

445 2610 511 2664 In
535 2619 741 2664 mentes
765 2608 1078 2679 hominum,
1109 2609 1303 2663 divinae
1330 2612 1524 2666 nuntia
1551 2590 1760 2682 formae,

449 2708 731 2786 Suscipere
754 2708 870 2763 haec
896 2708 1062 2764 animi
1090 2708 1382 2784 tranquilla
1405 2731 1534 2785 pace
1560 2709 1760 2765 valebis
1792 2731 1804 2764 :

445 2807 581 2862 Inde
604 2807 790 2863 videre
812 2807 965 2879 licet,
993 2806 1176 2884 qualisv
1189 2811 1302 2884 jam
1331 2809 1440 2863 vita
1466 2821 1738 2884 sequatur.

525 2907 712 2979 Quam
745 2906 967 2982 quidem
994 2919 1060 2963 ut
1084 2928 1115 2962 a
1148 2908 1305 2962 nobis
1333 2908 1477 2993 ,ratio
1514 2910 1792 2964 verissima
1825 2908 1984 2986 longe

443 3005 703 3081 Rejiciat,
731 3027 1046 3082 quanquam
1078 3020 1203 3062 sunt
1235 3028 1266 3062 a
1293 3028 1378 3062 me
1406 3006 1577 3064 multa
1601 3008 1836 3084 profata,

445 3102 623 3159 Multa
647 3117 832 3161 tamen
855 3118 1091 3177 restant,
1114 3119 1167 3162 et
1190 3119 1316 3162 sunt
1341 3107 1587 3164 ornanda
1612 3108 1794 3185 politis

444 3202 731 3276 Versibus,
759 3217 814 3260 et
836 3208 976 3262 ratio
1000 3206 1119 3263 coeli
1144 3208 1455 3285 speciesque
1482 3208 1746 3279 tenenda3
