2320 3866
421 268 508 320 164
983 268 1034 310 T.
1073 268 1363 312 LUCRETII
1399 267 1539 311 CARI
1962 264 2011 312 (v.
2032 267 2115 317 82.)

413 372 566 427 Neve
601 369 784 446 aliqua
814 368 1016 424 Divum
1050 369 1194 425 volvi
1227 371 1434 426 ratione
1463 380 1714 446 putemus
1741 387 1753 421 :

412 471 588 539 Nam,
616 469 753 523 bene
784 469 877 545 qui
911 468 1147 523 didicere
1180 472 1322 524 Deos
1356 485 1794 543 securum-agere
1828 485 2037 547 aevum,

414 569 472 624 Si
502 579 680 623 tamen
711 571 916 623 interea
943 569 1232 639 mirantur,
1259 589 1366 643 qua
1391 568 1599 622 ratione

414 669 659 743 Quaeque
694 669 806 745 geri
839 670 1081 744 possint,
1116 669 1416 745 praesertim
1449 668 1609 723 rebus
1639 667 1694 720 in
1725 664 1858 736 illis,

413 768 549 839 Quae
585 788 783 843 supera
819 781 982 844 caput
1009 768 1241 823 aetheriis
1270 779 1570 822 cernuntur
1599 767 1655 821 in
1684 766 1825 835 oris;

413 869 626 922 Rursus
662 867 718 921 in
749 868 997 942 antiquas
1027 867 1339 922 referuntur
1368 865 1677 944 relligiones
1695 908 1710 936 ,

413 968 484 1020 Et
515 965 763 1021 dominos
791 986 941 1021 acres
972 967 1276 1022 adsciscunt
1296 1008 1310 1035 ,
1340 967 1519 1022 omnia
1553 986 1707 1041 posse

416 1064 572 1136 Quos
605 1066 787 1118 miseri
817 1064 1074 1134 credunt,
1108 1066 1284 1140 ignari
1316 1064 1446 1139 quid
1475 1077 1817 1139 queatesse,

416 1162 569 1234 Quid
599 1174 864 1237 nequeat3
899 1162 1054 1216 finita
1075 1152 1327 1238 ⁸potestas
1361 1162 1594 1237 denique
1620 1164 1856 1238 quoique

416 1246 670 1332 Quanam
701 1262 769 1316 sit
803 1262 1015 1316 ratione
1034 1303 1049 1331 ,
1085 1274 1248 1336 atque
1280 1260 1387 1316 alte
1421 1262 1686 1316 terminus
1714 1261 1940 1317 haerens,

496 1361 665 1432 Quod
696 1374 976 1438 superest,
1010 1381 1078 1416 ne
1112 1372 1164 1416 te
1194 1361 1250 1415 in
1278 1361 1554 1437 promissis
1587 1359 1747 1436 plura
1775 1379 2077 1429 moremur,

415 1461 691 1536 Principio
712 1503 726 1531 ,
761 1462 931 1526 maria
962 1482 1023 1516 ac
1057 1473 1260 1532 terras,
1291 1459 1594 1536 coelumque
1621 1472 1776 1514 tuere
1802 1480 1814 1513 :

417 1564 627 1616 Horum
657 1573 906 1616 naturam
937 1559 1238 1637 triplicem,
1270 1561 1373 1615 tria
1402 1579 1661 1636 corpora,
1690 1558 1945 1626 Memmi,

416 1663 548 1715 Tres
584 1662 785 1736 species
814 1672 926 1715 tam
952 1659 1262 1732 dissimileS,
1294 1661 1398 1714 tria
1431 1658 1560 1714 talia
1589 1670 1769 1728 texta,

416 1761 543 1815 Una
574 1759 686 1814 dies
715 1759 864 1815 dabit
897 1761 1092 1831 exitio,
1129 1758 1440 1835 multosque
1473 1779 1572 1835 per
1599 1778 1772 1813 annos

422 1861 735 1914 Sustentata
763 1873 886 1915 ruet
914 1859 1084 1915 moles
1113 1872 1167 1916 et
1202 1860 1454 1915 machina
1482 1857 1692 1913 mundi.

498 1960 617 2014 Nec
647 1980 734 2012 me
762 1960 928 2014 animi
965 1959 1131 2029 fallit,
1160 1981 1324 2036 quam
1354 1980 1437 2014 res
1467 1978 1607 2014 nova
1644 1957 1888 2031 miraque
1917 1955 2089 2009 menti

418 2056 678 2126 Accidat,
714 2059 941 2112 exitium
972 2058 1092 2113 coeli
1127 2071 1388 2133 terraeque
1422 2057 1705 2126 futurum;

418 2158 488 2210 Et
521 2176 685 2230 quam
721 2154 943 2211 difficile
978 2156 1033 2211 id
1068 2158 1200 2211 mihi
1231 2159 1302 2212 sit
1333 2158 1650 2233 pervincere
1681 2156 1875 2212 dictis:

418 2255 497 2309 Ut
532 2254 594 2310 fit
616 2298 630 2326 ,
667 2256 761 2310 ubi
793 2255 1070 2311 insolitam
1102 2277 1214 2311 rem
1248 2255 1501 2332 adportes
1536 2257 1758 2312 auribus
1792 2266 1943 2326 ante,

417 2354 535 2409 Nec
572 2366 752 2409 tamen
784 2356 928 2410 hanc
958 2357 1131 2431 possis
1161 2356 1445 2412 oculorum
1477 2356 1710 2413 subdere
1738 2357 1891 2424 visa,

420 2454 535 2510 Nec
562 2454 740 2529 jacere
771 2454 905 2508 indu
940 2475 1132 2509 manus
1151 2456 1287 2525 ,via
1314 2476 1420 2530 qua
1456 2457 1666 2511 munita
1699 2454 1824 2509 fidei

417 2553 672 2608 Proxima
707 2553 813 2609 fert
838 2554 1140 2610 humanum
1168 2555 1224 2608 in
1249 2566 1438 2631 pectus
1472 2554 1780 2633 templaque
1807 2553 2022 2609 mentiS.

420 2652 527 2707 Sed
561 2664 744 2708 tamen
773 2653 980 2709 effabor
1007 2675 1019 2709 :
1052 2653 1220 2709 dictis*
1248 2654 1397 2709 dabit
1427 2655 1543 2730 ipsa
1576 2640 1738 2709 fidem
1767 2672 1851 2708 res

420 2753 700 2824 Forsitan,
731 2765 785 2808 et
818 2754 1355 2830 graviter·terrarum
1386 2754 1626 2809 motibus
1658 2753 1805 2809 orbis

423 2853 628 2907 Omnia
661 2855 1012 2929 conquassari
1042 2854 1098 2908 in
1127 2874 1298 2930 parvo
1330 2865 1573 2929 tempore
1610 2874 1831 2925 cernes;

424 2951 594 3022 Quod
626 2952 819 3028 procul
850 2974 881 3008 a
910 2954 1068 3009 nobis
1104 2953 1286 3009 flectat
1315 2956 1558 3009 Fortuna
1587 2954 1931 3031 gubernans3

422 3053 492 3105 Et
531 3053 670 3106 ratio
705 3053 886 3127 potius
905 3095 919 3124 ,
950 3073 1116 3128 quam
1143 3072 1230 3108 res
1261 3052 1585 3129 persuadeat
1612 3054 1729 3130 ipsa
1749 3095 1764 3125 ,

422 3149 713 3206 Succidere
740 3151 1031 3208 horrisono
1049 3172 1215 3229 posse
1244 3154 1428 3208 omnia
1458 3154 1602 3209 victa
1629 3153 1860 3230 fragore.

505 3250 631 3320 Qua
663 3249 815 3325 prius
846 3252 1133 3329 aggrediar
1159 3273 1322 3328 quarn
1350 3252 1416 3308 de
1445 3273 1504 3308 re
1534 3252 1762 3308 fundere
1795 3249 1904 3304 fata
