2320 3866
203 315 255 365 (v.
274 314 387 363 443.)
623 310 706 354 DE
721 325 725 329 -
739 305 963 353 RERUM
999 305 1261 350 NATURA
1298 307 1412 351 Lm.
1443 308 1524 352 vl.
1814 301 1903 348 225

203 419 439 487 vortat,
466 411 766 472 conradens
795 429 862 464 ex
888 428 1013 465 aere
1042 411 1248 465 semina
1273 410 1461 479 nubiS,

202 519 274 571 Et
302 515 455 591 quasi
486 511 775 567 demissum
803 507 937 564 coelo
966 521 1208 585 prestera
1233 510 1479 564 imitetur
1514 529 1525 562 ε

141 613 146 618 ’
202 616 306 670 Hic
331 614 426 670 ubi
458 633 514 668 se
544 613 600 666 in
630 621 799 677 terras
831 607 1047 664 demisit
1073 608 1453 685 dissolvitque,

202 714 456 770 Turbinis
490 712 779 766 immanem
810 709 921 763 vim
951 709 1229 785 promovit
1260 721 1424 784 atque
1455 704 1740 783 procelloe3

202 813 309 869 Sed
334 813 462 888 quia
490 810 552 866 fit
575 828 701 864 raro
730 809 987 880 omnin0‚
1015 820 1339 882 montesque
1370 825 1587 861 necesse
1620 817 1701 860 est

202 911 431 968 Officere
456 910 512 964 in
540 908 722 979 terriS,
752 920 979 984 apparet
1005 907 1250 963 crebrius
1277 905 1421 960 idem

200 1014 494 1088 Prospectu
525 1010 690 1064 maris
719 1009 778 1063 in
809 1016 1035 1085 magno,
1062 1006 1311 1083 coeloque
1341 1007 1566 1083 patenti.

276 1109 481 1167 Nubila
507 1122 890 1180 concrescunt,
923 1109 1018 1164 ubi
1048 1128 1282 1185 corpora
1313 1106 1487 1164 multa
1519 1105 1758 1163 volando

195 1213 313 1283 Hoc
340 1230 504 1287 super
530 1210 588 1264 in
616 1207 739 1265 coeli
770 1210 948 1286 spatio
982 1207 1160 1264 coiere
1186 1219 1411 1285 repente
1428 1251 1444 1280 ,

195 1310 518 1386 Asperiora,
547 1308 723 1365 modis
752 1329 873 1385 quae
902 1310 1114 1385 possint
1143 1307 1465 1385 indupedita

194 1410 451 1486 Exiguis,
481 1422 664 1465 tamen
696 1410 841 1466 inter
871 1429 927 1465 se
956 1429 1277 1485 comprensa
1306 1408 1479 1464 teneri
1513 1430 1525 1463 :

194 1510 325 1563 Haec
355 1507 562 1571 faciunt
595 1496 835 1584 primum
864 1529 1057 1585 parvas
1089 1509 1385 1563 consistere
1413 1507 1631 1562 nubes:

195 1607 330 1663 Inde
355 1627 418 1663 ea
450 1603 852 1685 comprendunt
878 1608 1021 1662 inter
1047 1628 1104 1662 se
1131 1608 1346 1682 conque
1373 1618 1675 1683 gregantur

193 1710 266 1762 Et
292 1706 675 1784 conjungendo
702 1718 957 1762 crescunt
975 1749 990 1778 ,
1021 1706 1310 1782 ventisque
1341 1705 1596 1761 feruntur

192 1810 382 1882 Usque
415 1806 583 1879 aden,
612 1806 788 1862 donec
816 1805 1105 1884 tempestas
1141 1817 1281 1862 saeva
1308 1818 1498 1863 coorta
1526 1818 1622 1862 est.

273 1908 360 1963 Fit
390 1927 636 1983 quoque,
669 1907 749 1963 uti
781 1908 982 1963 montis
1010 1907 1190 1963 vicina
1219 1907 1505 1963 cacumina
1536 1906 1671 1962 coelo

191 2008 379 2080 Quam
408 2009 517 2067 sint
547 2028 778 2085 quaeque
809 2010 1005 2085 magiS,
1038 2019 1194 2064 tanto
1227 2008 1400 2085 magis
1433 2006 1580 2063 edita
1611 2007 1829 2063 fument

104 2180 107 2183 Ι
192 2106 423 2162 Assidue
450 2106 610 2163 fulvae
639 2108 802 2164 nubis
833 2107 1065 2185 caligine
1097 2129 1309 2179 crassa3
1380 2131 1382 2133 ·

191 2209 488 2283 Propterea
515 2209 669 2284 quia,
697 2229 871 2284 quum
901 2209 1210 2265 consistunt
1237 2208 1429 2264 nubila
1459 2210 1731 2285 primum,

192 2309 336 2363 Ante
362 2306 544 2363 videre
573 2306 717 2363 oculi
744 2303 910 2383 quam
936 2306 1149 2384 possint
1177 2310 1393 2378 tenuia,
1422 2309 1570 2363 venti

191 2407 478 2462 Portantes
504 2418 710 2484 cogunt
741 2406 812 2462 ad
842 2428 1055 2463 summa
1083 2408 1370 2462 cacumina
1394 2407 1599 2462 montis
1614 2427 1634 2477 3⁴
1689 2410 1691 2412 ’

191 2506 295 2561 Hic
326 2505 549 2563 demum
578 2506 638 2562 fit
669 2508 783 2579 uti,
814 2507 975 2563 turba
1006 2508 1228 2583 majorev
1247 2518 1464 2578 coorta,

193 2604 483 2662 Condensa
516 2626 580 2662 ac
611 2607 812 2684 stipata
842 2605 1003 2663 simul
1032 2619 1348 2679 cernantur,
1377 2619 1431 2662 et
1460 2606 1572 2661 udo
1654 2609 1655 2612 ’

194 2703 415 2760 Vertice
445 2705 514 2777 de
541 2707 743 2763 montis
778 2706 1067 2764 videantur
1094 2702 1319 2785 surgere
1347 2707 1404 2762 in
1436 2706 1664 2762 aethram
1703 2727 1715 2760 z

194 2803 337 2858 Nam
364 2802 484 2861 loca
510 2805 750 2890 declarat
782 2828 1000 2864 sursum
1031 2815 1260 2864 ventosa
1295 2818 1481 2883 patere

195 2904 304 2957 Res
339 2904 456 2979 ipsa
488 2916 544 2960 et
573 2926 790 2979 sensuS,
815 2920 1029 2964 montes
1059 2929 1234 2984 quum
1268 2905 1613 2962 ascendimus
1645 2904 1800 2962 altos.

279 3007 574 3075 Praeterea,
601 3007 876 3083 permulta
911 3011 1052 3065 mari
1086 3029 1308 3086 quoque
1337 3006 1531 3063 tollere
1564 3018 1682 3063 toto

198 3103 445 3180 Corpora
471 3105 774 3177 Naturam,
801 3107 1080 3166 declarant
1111 3108 1273 3165 litore
1303 3120 1476 3163 vestes

199 3205 508 3280 Suspensae,
543 3219 714 3280 quum
749 3209 1069 3286 concipiunt
1100 3208 1349 3264 humoris
1378 3207 1654 3263 adhaesum
1666 3228 1681 3279 ;

201 3301 327 3374 Quo
351 3305 524 3381 magis
556 3303 624 3359 ad
655 3304 829 3361 nubes
858 3307 1135 3384 augendas
1166 3306 1339 3363 multa
1367 3307 1623 3364 videntur

1580 3405 1646 3464 15
