2320 3866
832 244 899 311 m
938 266 1318 313 LUCRETIUM.
1837 268 1923 314 281

234 365 379 410 Recte
392 364 515 410 enim
538 365 732 410 Haverc.
761 360 1119 422 interpretatur:
1142 381 1162 402 «
1178 364 1373 421 Fumus,
1404 363 1578 424 inquit,
1605 360 1798 407 flammae
1814 398 1827 420 ‚
1843 374 1928 410 etc.

233 440 404 486 effectu
424 440 614 502 quidem
642 439 848 486 sentibus
875 446 982 483 sunt
1010 437 1177 484 similes
1191 474 1204 496 ‚
1235 439 1317 485 sed
1339 455 1437 485 non
1463 438 1737 485 cohaerentia
1765 448 1810 483 et
1838 440 1932 484 du-

230 515 438 577 ration03
459 525 601 578 atque
628 516 693 561 ita
721 522 938 576 pungunt
968 515 1159 575 quidem
1180 516 1336 561 subito
1353 551 1366 574 ,
1394 524 1442 562 at
1462 532 1560 561 non
1586 516 1692 573 diu,
1709 515 1931 575 quoniam

167 593 172 598 ”
232 601 367 639 acuta
396 592 542 639 modo
573 584 710 649 sunt,
730 605 829 635 non
855 606 968 636 vero
997 607 1179 637 ramosa
1208 602 1255 638 et
1284 595 1507 653 perplexa
1522 627 1536 651 ,
1564 601 1619 637 ut
1650 600 1813 637 sentes.
1832 612 1851 633 »

538 721 545 727 ι
1630 669 1831 713 Fonmo.

295 745 450 790 Sudor
484 743 546 810 (v.
593 740 719 807 464).
756 743 986 791 Sudorem
1027 760 1054 789 a
1094 745 1247 804 poetis
1290 744 1350 790 de
1398 744 1565 804 quovis
1599 745 1794 789 humore
1838 743 1932 789 dici

228 830 423 867 constat.

290 898 475 943 Dolor-is
494 912 688 959 corpora
718 893 781 960 (v.
809 895 946 960 466).
977 899 1015 942 Ι.
1046 912 1085 942 e.
1105 896 1328 957 squalida
1359 912 1441 942 seu
1470 911 1656 955 aspera,
1678 896 1805 941 unde
1836 896 1930 941 do-

227 975 301 1019 lor
323 983 370 1020 et
390 973 592 1019 insuavis
619 981 789 1018 motus.

289 1050 474 1096 Scilicet
497 1047 560 1114 (v.
585 1048 720 1114 468).
743 1051 781 1095 Ῑ.
806 1066 845 1096 0.
872 1051 987 1095 scire
1010 1050 1126 1096 licet.
1153 1013 1276 1096 Vide
1303 1049 1364 1095 ad
1397 1065 1446 1106 1,
1480 1064 1589 1094 211.

285 1124 359 1190 (v
405 1124 545 1191 475.)
578 1129 650 1172 De
689 1126 896 1189 genitivo
937 1128 1052 1182 viri,
1096 1143 1237 1188 quem
1271 1142 1372 1201 non
1413 1133 1671 1188 agnoscunt
1715 1126 1896 1172 Probus
1915 1162 1928 1184 ‚

217 1218 266 1264 p.
304 1202 459 1262 1463,
495 1211 542 1249 et
575 1203 882 1262 Consentius,
914 1220 961 1264 p.
1000 1206 1126 1259 2034
1154 1206 1232 1261 P,
1273 1204 1330 1249 cf.
1363 1204 1545 1249 Rudim.
1583 1205 1698 1247 Inst.
1731 1204 1807 1248 Gr.
1819 1237 1835 1259 ,
1877 1219 1893 1247 1
1916 1239 1928 1262 ‚

215 1295 265 1340 p.
303 1279 442 1339 1275.

282 1359 486 1418 Pergam
504 1367 768 1418 connectere
789 1374 910 1416 rem,
937 1374 1045 1420 quoe
1065 1373 1128 1403 ex
1150 1357 1238 1402 hoc
1266 1366 1385 1418 apta
1393 1357 1547 1417 fidem
1562 1358 1689 1402 ducit
1708 1354 1769 1420 (v.
1796 1353 1926 1419 477).

216 1435 255 1480 1.
287 1449 327 1481 e.
366 1450 598 1495 exponam
629 1434 764 1481 aliam
803 1435 1099 1496 opinionem,
1137 1443 1239 1496 quae
1275 1450 1332 1480 ex
1367 1435 1517 1495 priori
1553 1423 1731 1495 pendet
1768 1442 1813 1490 et
1849 1433 1927 1478 illa

217 1509 532 1579 confirmatur.

284 1589 440 1634 Finita
469 1590 927 1651 variare—figurarum
957 1590 1136 1634 ratione
1159 1586 1221 1652 (v.
1259 1586 1385 1651 479).
1420 1590 1462 1633 Ι.
1493 1603 1532 1632 e.
1564 1586 1834 1632 varietatem
1861 1585 1924 1630 fi-

211 1680 434 1727 gurarum
468 1666 692 1712 seminum
722 1681 818 1711 esse
855 1665 1046 1711 finitam.
1070 1666 1176 1729 Huc
1207 1664 1410 1726 pertinet
1436 1663 1569 1725 quod
1598 1662 1792 1724 exponit
1814 1664 1927 1708 Plu-—

158 1773 177 1780 ·
213 1743 382 1800 tarch.,
409 1743 470 1787 de
495 1744 638 1805 Placg
652 1743 769 1805 ph„
794 1759 842 1801 1,
868 1744 925 1790 3:
948 1744 1063 1792 Εἶναι
1083 1750 1138 1792 τὰ
1155 1750 1355 1807 σχήματα.
1380 1754 1458 1790 τῶν
1484 1748 1643 1805 ἀτόμων
1669 1748 1927 1804 ἀπερίληπτοι

213 1814 298 1880 (510
332 1818 445 1880 legit
477 1817 771 1883 Creechius),
796 1829 871 1869 ·οὐκ
902 1827 1067 1884 ἄπειρα;
1104 1828 1150 1865 et
1187 1819 1419 1880 Epicurus
1454 1819 1525 1862 acl
1553 1818 1748 1872 Herod„
1779 1821 1802 1874 5
1829 1823 1887 1871 42
1915 1833 1926 1861 ε

212 1891 366 1958 drop-ot
394 1904 484 1952 ταῖς
514 1899 723 1962 διαφοραῖς
738 1905 809 1960 οὐχ
833 1905 969 1953 ἁπλῶς
1003 1904 1160 1962 ἄπειροί
1204 1904 1326 1956 εἰσιν,
1357 1902 1459 1945 ἀλλὰ
1490 1903 1604 1959 μόνον
1642 1901 1921 1958 ἀπερίληπτοι.

278 1973 560 2019 Addendum
576 1985 742 2035 partes
771 1975 895 2019 alias
918 1971 980 2038 (v.
1017 1971 1144 2037 491).
1172 1975 1243 2018 De
1272 1973 1359 2018 hac
1382 1971 1729 2017 constructione
1750 1969 1928 2015 dictum

216 2049 285 2093 est
306 2048 369 2094 ad
402 2065 449 2106 1,
477 2065 582 2095 112.

281 2125 582 2171 Max-imitate
612 2123 675 2190 (v.
702 2125 829 2190 497).
852 2129 962 2173 Vox
993 2126 1216 2172 Lucretio
1248 2126 1445 2206 propria
1474 2134 1520 2171 et
1551 2141 1611 2170 ex
1641 2140 1697 2169 eo
1728 2132 1926 2170 assumta

215 2200 275 2246 ab
303 2202 546 2260 Arnobio,
577 2218 652 2261 v1‚
679 2218 728 2264 p.
763 2209 872 2258 204.

279 2278 552 2324 Barbaricoe
574 2289 722 2324 vestes
746 2277 807 2343 (v.
835 2277 961 2343 499).
991 2279 1200 2341 Phrygiae
1216 2314 1228 2337 ‚
1250 2277 1464 2339 persicae,
1486 2258 1790 2340 Babylonicae.
1825 2277 1929 2321 Me-

214 2354 378 2409 lcboea,
402 2355 646 2402 Thessaliae
670 2357 784 2402 urbs
806 2357 867 2402 ad
889 2356 1068 2403 radices
1089 2356 1261 2402 montis
1287 2357 1412 2402 Ossae
1430 2353 1661 2460 purpurei
1684 2351 1824 2399 ostrei
1846 2352 1926 2412 pi-

214 2439 345 2477 scatu
366 2447 421 2477 ac
452 2431 654 2478 tinctura
682 2433 888 2479 celebris.

282 2509 437 2555 Soecla
454 2506 516 2573 (v.
551 2506 678 2573 502).
710 2510 903 2556 Saeclum
933 2509 1177 2570 saepissime
1197 2506 1418 2554 Lucretio
1435 2506 1608 2552 dicitur
1620 2522 1710 2567 pro
1733 2521 1900 2568 genere
1914 2541 1925 2563 ‚

213 2585 376 2632 sobole
405 2587 648 2632 hominum
668 2589 743 2634 vel
774 2582 1052 2634 animalium.
1076 2586 1196 2634 Vide
1228 2586 1290 2632 ad
1325 2602 1365 2644 1,
1390 2601 1465 2630 21.

279 2659 341 2725 (V.
361 2660 617 2727 514-520.)
631 2684 650 2705 «
666 2665 822 2727 Vulgo
843 2680 917 2711 res
939 2664 1308 2711 determinantur
1331 2661 1574 2707 contrariis
1597 2659 1899 2721 qualitatibus
1912 2695 1924 2717 ‚

215 2752 319 2797 quae
341 2738 407 2784 ita
429 2749 641 2789 extremae
669 2749 800 2800 sunt,
821 2750 875 2787 ut
903 2743 1060 2801 plures
1081 2741 1270 2802 quidem
1298 2738 1471 2801 gradus
1496 2737 1677 2783 medios
1693 2772 1706 2795 ,
1738 2746 1785 2782 at
1812 2737 1925 2782 nul—

215 2814 312 2858 lum
339 2829 531 2874 prorsus
562 2826 694 2863 extra
726 2833 774 2864 se
800 2819 1018 2865 habeant.
1037 2837 1058 2860 ³»
1087 2820 1299 2864 (3111111011.

282 2892 494 2952 Ancipiti
514 2909 729 2940 mucmne
754 2892 817 2959 (v.
857 2894 983 2959 519).
1018 2895 1209 2956 Duplici
1241 2892 1469 2951 termine,
1503 2908 1671 2954 nempe
1702 2891 1811 2938 hinc
1841 2908 1922 2938 ca-

215 2967 342 3023 lore,
372 2966 501 3014 illinc
526 2969 700 3032 frigore
728 2971 872 3018 medii
904 2981 1090 3033 tepores
1116 2970 1438 3016 includuntur.

262 3043 833 3107 Notantur.Metapho1-a
856 3063 881 3093 a
903 3048 1111 3094 terminis
1140 3045 1361 3107 depactis.

280 3105 343 3171 (v.
371 3106 499 3173 521.)
528 3110 714 3171 Epicur.
754 3115 823 3157 ad
852 3115 1096 3170 Her-cclcc„
1132 3118 1156 3170 5
1189 3119 1247 3168 42
1286 3127 1298 3156 t
1334 3122 1438 3161 Καθ’
1473 3119 1643 3166 ἑκάστην
1680 3115 1728 3160 δὲ
1769 3117 1916 3175 σχημοί

215 3208 316 3234 τισιν
339 3192 474 3242 ἁπλῶς
507 3194 663 3251 ἄπιιροὶ
697 3195 790 3238 εἰσιν
823 3198 977 3255 ἄτομοι.

280 3262 478 3307 Insessa.
499 3261 560 3325 (v.
591 3260 718 3327 520).
745 3265 965 3326 Obsessa,
998 3267 1285 3314 circumfusa.
