<?xml version="1.0" encoding="UTF-8"?>
<!DOCTYPE html PUBLIC "-//W3C//DTD XHTML 1.0 Transitional//EN"
    "http://www.w3.org/TR/xhtml1/DTD/xhtml1-transitional.dtd">
<html xmlns="http://www.w3.org/1999/xhtml" xml:lang="en" lang="en">
 <head>
  <title>
</title>
<meta http-equiv="Content-Type" content="text/html;charset=utf-8" />
  <meta name='ocr-system' content='tesseract 3.04.00' />
  <meta name='ocr-capabilities' content='ocr_page ocr_carea ocr_par ocr_line ocrx_word'/>
</head>
<body>
  <div class='ocr_page' id='page_1' title='image "./dererumnaturali00lucruoft_0327.png"; bbox 0 0 2320 3866; ppageno 0'>
   <div class='ocr_carea' id='block_1_1' title="bbox 836 319 1928 377">
    <p class='ocr_par' dir='ltr' id='par_1_1' title="bbox 836 319 1928 377">
     <span class='ocr_line' id='line_1_1' title="bbox 836 319 1928 377; baseline -0.002 -11"><span class='ocrx_word' id='word_1_1' title='bbox 836 320 903 366; x_wconf 82' lang='lat' dir='ltr'><strong>IN</strong></span> <span class='ocrx_word' id='word_1_2' title='bbox 935 319 1318 366; x_wconf 78' lang='lat' dir='ltr'><strong>LUCRETIUM.</strong></span> <span class='ocrx_word' id='word_1_3' title='bbox 1841 321 1928 377; x_wconf 81' lang='lat'><strong>307</strong></span> 
     </span>
    </p>
   </div>
   <div class='ocr_carea' id='block_1_2' title="bbox 149 412 1954 2170">
    <p class='ocr_par' dir='ltr' id='par_1_2' title="bbox 301 412 1593 482">
     <span class='ocr_line' id='line_1_2' title="bbox 301 412 1593 482; baseline -0.003 -20"><span class='ocrx_word' id='word_1_4' title='bbox 301 418 426 462; x_wconf 84' lang='lat' dir='ltr'><strong>Fuat</strong></span> <span class='ocrx_word' id='word_1_5' title='bbox 444 413 507 480; x_wconf 75' lang='lat' dir='ltr'><strong>(v.</strong></span> <span class='ocrx_word' id='word_1_6' title='bbox 524 414 652 482; x_wconf 76' lang='lat'><strong>641).</strong></span> <span class='ocrx_word' id='word_1_7' title='bbox 681 417 754 462; x_wconf 89' lang='lat' dir='ltr'><strong>De</strong></span> <span class='ocrx_word' id='word_1_8' title='bbox 773 416 860 462; x_wconf 87' lang='lat' dir='ltr'><strong>hac</strong></span> <span class='ocrx_word' id='word_1_9' title='bbox 881 414 1032 461; x_wconf 82' lang='lat' dir='ltr'><strong>forma</strong></span> <span class='ocrx_word' id='word_1_10' title='bbox 1063 416 1122 461; x_wconf 88' lang='lat' dir='ltr'><strong>cf.</strong></span> <span class='ocrx_word' id='word_1_11' title='bbox 1152 417 1368 474; x_wconf 72' lang='lat' dir='ltr'><strong>Nomos,</strong></span> <span class='ocrx_word' id='word_1_12' title='bbox 1390 430 1431 461; x_wconf 92' lang='lat'><strong>11</strong></span> <span class='ocrx_word' id='word_1_13' title='bbox 1447 449 1461 474; x_wconf 92' lang='lat'><strong>,</strong></span> <span class='ocrx_word' id='word_1_14' title='bbox 1485 412 1593 462; x_wconf 84' lang='lat'><strong>330.</strong></span> 
     </span>
    </p>

    <p class='ocr_par' dir='ltr' id='par_1_3' title="bbox 149 490 1934 768">
     <span class='ocr_line' id='line_1_3' title="bbox 297 490 1930 556; baseline -0.001 -18"><span class='ocrx_word' id='word_1_15' title='bbox 297 490 360 556; x_wconf 83' lang='lat' dir='ltr'><strong>(v.</strong></span> <span class='ocrx_word' id='word_1_16' title='bbox 398 491 532 554; x_wconf 84' lang='grc'>644).</span> <span class='ocrx_word' id='word_1_17' title='bbox 559 493 698 556; x_wconf 84' lang='lat' dir='ltr'><strong>Diog.</strong></span> <span class='ocrx_word' id='word_1_18' title='bbox 726 494 906 550; x_wconf 85' lang='lat' dir='ltr'><strong>Laert.,</strong></span> <span class='ocrx_word' id='word_1_19' title='bbox 931 507 1006 551; x_wconf 81' lang='lat' dir='ltr'><strong>lx,</strong></span> <span class='ocrx_word' id='word_1_20' title='bbox 1042 509 1094 554; x_wconf 86' lang='lat'><strong>9,</strong></span> <span class='ocrx_word' id='word_1_21' title='bbox 1120 497 1144 550; x_wconf 69' lang='lat' dir='ltr'>S</span> <span class='ocrx_word' id='word_1_22' title='bbox 1172 492 1234 538; x_wconf 90' lang='grc'><strong>80</strong></span> <span class='ocrx_word' id='word_1_23' title='bbox 1266 507 1278 538; x_wconf 85' lang='lat'><strong>:</strong></span> <span class='ocrx_word' id='word_1_24' title='bbox 1308 499 1395 543; x_wconf 77' lang='grc' dir='ltr'><strong>Καὶ</strong></span> <span class='ocrx_word' id='word_1_25' title='bbox 1426 499 1473 542; x_wconf 79' lang='grc' dir='ltr'><strong>τὸ</strong></span> <span class='ocrx_word' id='word_1_26' title='bbox 1506 497 1662 541; x_wconf 73' lang='grc' dir='ltr'><strong>κώνειον</strong></span> <span class='ocrx_word' id='word_1_27' title='bbox 1696 494 1828 554; x_wconf 74' lang='grc' dir='ltr'><strong>ὄρτυγι</strong></span> <span class='ocrx_word' id='word_1_28' title='bbox 1861 495 1930 553; x_wconf 82' lang='grc' dir='ltr'><strong>μὲν</strong></span> 
     </span>
     <span class='ocr_line' id='line_1_4' title="bbox 149 563 1934 634; baseline -0.006 -16"><span class='ocrx_word' id='word_1_29' title='bbox 149 614 155 619; x_wconf 84' lang='grc'>.</span> <span class='ocrx_word' id='word_1_30' title='bbox 231 576 439 634; x_wconf 75' lang='grc' dir='ltr'><strong>τρόφιμον,</strong></span> <span class='ocrx_word' id='word_1_31' title='bbox 461 577 653 634; x_wconf 75' lang='grc' dir='ltr'>ἀνθρώπῳ</span> <span class='ocrx_word' id='word_1_32' title='bbox 668 573 717 618; x_wconf 62' lang='grc' dir='ltr'><strong>Μ</strong></span> <span class='ocrx_word' id='word_1_33' title='bbox 738 575 970 633; x_wconf 78' lang='grc' dir='ltr'><strong>θανάσιμον.</strong></span> <span class='ocrx_word' id='word_1_34' title='bbox 993 569 1107 614; x_wconf 78' lang='lat' dir='ltr'><strong>Plin-</strong></span> <span class='ocrx_word' id='word_1_35' title='bbox 1123 604 1137 628; x_wconf 93' lang='lat'><strong>,</strong></span> <span class='ocrx_word' id='word_1_36' title='bbox 1161 571 1218 616; x_wconf 89' lang='lat' dir='ltr'><strong>H.</strong></span> <span class='ocrx_word' id='word_1_37' title='bbox 1250 570 1309 614; x_wconf 90' lang='lat' dir='ltr'><strong>N.</strong></span> <span class='ocrx_word' id='word_1_38' title='bbox 1327 603 1341 628; x_wconf 91' lang='lat'>‚</span> <span class='ocrx_word' id='word_1_39' title='bbox 1366 583 1424 627; x_wconf 78' lang='lat' dir='ltr'><strong>x,</strong></span> <span class='ocrx_word' id='word_1_40' title='bbox 1449 569 1539 614; x_wconf 83' lang='lat'><strong>23:</strong></span> <span class='ocrx_word' id='word_1_41' title='bbox 1568 586 1589 608; x_wconf 89' lang='lat'>«</span> <span class='ocrx_word' id='word_1_42' title='bbox 1605 563 1934 612; x_wconf 80' lang='lat' dir='ltr'>coturnicibus</span> 
     </span>
     <span class='ocr_line' id='line_1_5' title="bbox 230 643 1933 708; baseline -0.003 -19"><span class='ocrx_word' id='word_1_43' title='bbox 230 646 404 691; x_wconf 84' lang='lat' dir='ltr'><strong>veratri</strong></span> <span class='ocrx_word' id='word_1_44' title='bbox 426 661 583 692; x_wconf 88' lang='lat' dir='ltr'><strong>semen</strong></span> <span class='ocrx_word' id='word_1_45' title='bbox 613 643 895 708; x_wconf 82' lang='lat' dir='ltr'><strong>gratissimus</strong></span> <span class='ocrx_word' id='word_1_46' title='bbox 928 645 1074 692; x_wconf 91' lang='lat' dir='ltr'><strong>cibus.</strong></span> <span class='ocrx_word' id='word_1_47' title='bbox 1096 666 1118 690; x_wconf 65' lang='grc' dir='ltr'><strong>»ι</strong></span> <span class='ocrx_word' id='word_1_48' title='bbox 1146 646 1326 694; x_wconf 85' lang='lat' dir='ltr'><strong>Arnob.</strong></span> <span class='ocrx_word' id='word_1_49' title='bbox 1341 680 1356 703; x_wconf 93' lang='lat'><strong>,</strong></span> <span class='ocrx_word' id='word_1_50' title='bbox 1381 661 1423 703; x_wconf 92' lang='lat'><strong>1,</strong></span> <span class='ocrx_word' id='word_1_51' title='bbox 1455 660 1504 705; x_wconf 90' lang='lat' dir='ltr'><strong>p.</strong></span> <span class='ocrx_word' id='word_1_52' title='bbox 1530 643 1559 689; x_wconf 88' lang='grc'><strong>8</strong></span> <span class='ocrx_word' id='word_1_53' title='bbox 1596 659 1607 687; x_wconf 83' lang='lat'>:</span> <span class='ocrx_word' id='word_1_54' title='bbox 1639 661 1659 683; x_wconf 89' lang='lat'>«</span> <span class='ocrx_word' id='word_1_55' title='bbox 1683 644 1933 688; x_wconf 83' lang='lat' dir='ltr'>Veratrum</span> 
     </span>
     <span class='ocr_line' id='line_1_6' title="bbox 229 720 1273 768; baseline -0.002 -4"><span class='ocrx_word' id='word_1_56' title='bbox 229 735 460 767; x_wconf 83' lang='lat' dir='ltr'><strong>venenum</strong></span> <span class='ocrx_word' id='word_1_57' title='bbox 483 731 551 768; x_wconf 86' lang='lat' dir='ltr'><strong>est</strong></span> <span class='ocrx_word' id='word_1_58' title='bbox 575 720 854 767; x_wconf 85' lang='lat' dir='ltr'><strong>hominibus.</strong></span> <span class='ocrx_word' id='word_1_59' title='bbox 875 742 896 764; x_wconf 87' lang='lat'>»</span> <span class='ocrx_word' id='word_1_60' title='bbox 1267 761 1273 763; x_wconf 73' lang='grc'><strong>,</strong></span> 
     </span>
    </p>

    <p class='ocr_par' dir='ltr' id='par_1_4' title="bbox 298 793 1854 861">
     <span class='ocr_line' id='line_1_7' title="bbox 298 793 1854 861; baseline -0.004 -17"><span class='ocrx_word' id='word_1_61' title='bbox 298 798 652 844; x_wconf 80' lang='lat' dir='ltr'><strong>Circumcoesum</strong></span> <span class='ocrx_word' id='word_1_62' title='bbox 672 793 735 859; x_wconf 83' lang='lat' dir='ltr'><strong>(v.</strong></span> <span class='ocrx_word' id='word_1_63' title='bbox 760 795 888 861; x_wconf 85' lang='lat'><strong>651).</strong></span> <span class='ocrx_word' id='word_1_64' title='bbox 912 799 1022 844; x_wconf 88' lang='lat' dir='ltr'><strong>Vid.</strong></span> <span class='ocrx_word' id='word_1_65' title='bbox 1051 814 1154 859; x_wconf 89' lang='lat' dir='ltr'><strong>quae</strong></span> <span class='ocrx_word' id='word_1_66' title='bbox 1177 798 1239 843; x_wconf 89' lang='lat' dir='ltr'><strong>ad</strong></span> <span class='ocrx_word' id='word_1_67' title='bbox 1261 813 1344 853; x_wconf 91' lang='lat'><strong>111,</strong></span> <span class='ocrx_word' id='word_1_68' title='bbox 1370 810 1487 851; x_wconf 89' lang='lat'><strong>220,</strong></span> <span class='ocrx_word' id='word_1_69' title='bbox 1517 796 1854 839; x_wconf 82' lang='lat' dir='ltr'><strong>annotavimus.</strong></span> 
     </span>
    </p>

    <p class='ocr_par' dir='ltr' id='par_1_5' title="bbox 228 866 1936 1011">
     <span class='ocr_line' id='line_1_8' title="bbox 294 866 1936 938; baseline -0.006 -18"><span class='ocrx_word' id='word_1_70' title='bbox 294 877 360 920; x_wconf 86' lang='lat' dir='ltr'><strong>Et</strong></span> <span class='ocrx_word' id='word_1_71' title='bbox 373 877 564 921; x_wconf 83' lang='lat' dir='ltr'><strong>variare</strong></span> <span class='ocrx_word' id='word_1_72' title='bbox 577 874 670 918; x_wconf 82' lang='lat' dir='ltr'><strong>vioe</strong></span> <span class='ocrx_word' id='word_1_73' title='bbox 679 907 695 929; x_wconf 89' lang='lat'>‚</span> <span class='ocrx_word' id='word_1_74' title='bbox 711 883 798 920; x_wconf 91' lang='lat' dir='ltr'><strong>etc.</strong></span> <span class='ocrx_word' id='word_1_75' title='bbox 815 872 877 938; x_wconf 86' lang='lat' dir='ltr'><strong>(v.</strong></span> <span class='ocrx_word' id='word_1_76' title='bbox 889 873 1017 938; x_wconf 88' lang='lat'>661).</span> <span class='ocrx_word' id='word_1_77' title='bbox 1035 895 1055 915; x_wconf 87' lang='lat'>«</span> <span class='ocrx_word' id='word_1_78' title='bbox 1067 873 1315 919; x_wconf 88' lang='lat' dir='ltr'><strong>Foramina</strong></span> <span class='ocrx_word' id='word_1_79' title='bbox 1327 870 1517 917; x_wconf 81' lang='lat' dir='ltr'><strong>differre</strong></span> <span class='ocrx_word' id='word_1_80' title='bbox 1541 870 1715 915; x_wconf 90' lang='lat' dir='ltr'><strong>debent</strong></span> <span class='ocrx_word' id='word_1_81' title='bbox 1735 866 1936 928; x_wconf 84' lang='lat' dir='ltr'><strong>proinde</strong></span> 
     </span>
     <span class='ocr_line' id='line_1_9' title="bbox 228 949 1531 1011; baseline -0.005 -14"><span class='ocrx_word' id='word_1_82' title='bbox 228 967 282 997; x_wconf 90' lang='lat' dir='ltr'><strong>ac</strong></span> <span class='ocrx_word' id='word_1_83' title='bbox 303 950 687 1011; x_wconf 85' lang='lat' dir='ltr'><strong>corpusculorum</strong></span> <span class='ocrx_word' id='word_1_84' title='bbox 709 958 892 995; x_wconf 88' lang='lat' dir='ltr'><strong>textura</strong></span> <span class='ocrx_word' id='word_1_85' title='bbox 915 951 1027 996; x_wconf 81' lang='lat' dir='ltr'><strong>facit</strong></span> <span class='ocrx_word' id='word_1_86' title='bbox 1051 950 1255 996; x_wconf 83' lang='lat' dir='ltr'><strong>differre.</strong></span> <span class='ocrx_word' id='word_1_87' title='bbox 1273 969 1292 990; x_wconf 85' lang='lat'>»</span> <span class='ocrx_word' id='word_1_88' title='bbox 1319 949 1531 994; x_wconf 70' lang='lat' dir='ltr'><strong>Cnmzcn.</strong></span> 
     </span>
    </p>

    <p class='ocr_par' dir='ltr' id='par_1_6' title="bbox 225 1019 1938 1242">
     <span class='ocr_line' id='line_1_10' title="bbox 296 1019 1938 1090; baseline -0.006 -17"><span class='ocrx_word' id='word_1_89' title='bbox 296 1025 688 1073; x_wconf 78' lang='lat' dir='ltr'><strong>Contrectabtliter</strong></span> <span class='ocrx_word' id='word_1_90' title='bbox 706 1023 768 1089; x_wconf 88' lang='lat' dir='ltr'><strong>(v.</strong></span> <span class='ocrx_word' id='word_1_91' title='bbox 790 1025 918 1090; x_wconf 76' lang='lat'><strong>664).</strong></span> <span class='ocrx_word' id='word_1_92' title='bbox 937 1027 1029 1072; x_wconf 82' lang='lat' dir='ltr'><strong>Alii</strong></span> <span class='ocrx_word' id='word_1_93' title='bbox 1044 1026 1439 1073; x_wconf 80' lang='lat' dir='ltr'><strong>contractabiliter.</strong></span> <span class='ocrx_word' id='word_1_94' title='bbox 1455 1022 1637 1071; x_wconf 83' lang='lat' dir='ltr'><strong>Wakef.</strong></span> <span class='ocrx_word' id='word_1_95' title='bbox 1653 1022 1744 1066; x_wconf 90' lang='lat' dir='ltr'><strong>hoc</strong></span> <span class='ocrx_word' id='word_1_96' title='bbox 1769 1019 1938 1064; x_wconf 87' lang='lat' dir='ltr'><strong>adver-</strong></span> 
     </span>
     <span class='ocr_line' id='line_1_11' title="bbox 226 1095 1938 1165; baseline -0.005 -17"><span class='ocrx_word' id='word_1_97' title='bbox 226 1104 357 1148; x_wconf 89' lang='lat' dir='ltr'><strong>bium</strong></span> <span class='ocrx_word' id='word_1_98' title='bbox 391 1101 591 1162; x_wconf 83' lang='lat' dir='ltr'><strong>explicat</strong></span> <span class='ocrx_word' id='word_1_99' title='bbox 628 1104 816 1148; x_wconf 88' lang='lat' dir='ltr'><strong>mollem</strong></span> <span class='ocrx_word' id='word_1_100' title='bbox 848 1119 939 1164; x_wconf 85' lang='lat' dir='ltr'><strong>per</strong></span> <span class='ocrx_word' id='word_1_101' title='bbox 971 1104 1292 1149; x_wconf 80' lang='lat' dir='ltr'><strong>tractationem</strong></span> <span class='ocrx_word' id='word_1_102' title='bbox 1306 1119 1325 1158; x_wconf 81' lang='lat'><strong>,-</strong></span> <span class='ocrx_word' id='word_1_103' title='bbox 1356 1100 1521 1165; x_wconf 85' lang='lat' dir='ltr'><strong>melius</strong></span> <span class='ocrx_word' id='word_1_104' title='bbox 1545 1095 1938 1145; x_wconf 88' lang='lat' dir='ltr'><strong>Eichstaedtius-in</strong></span> 
     </span>
     <span class='ocr_line' id='line_1_12' title="bbox 225 1179 1353 1242; baseline 0.001 -16"><span class='ocrx_word' id='word_1_105' title='bbox 225 1179 378 1226; x_wconf 84' lang='lat' dir='ltr'><strong>indice</strong></span> <span class='ocrx_word' id='word_1_106' title='bbox 402 1195 414 1224; x_wconf 91' lang='lat'><strong>:</strong></span> <span class='ocrx_word' id='word_1_107' title='bbox 436 1189 488 1224; x_wconf 84' lang='lat' dir='ltr'><strong>ut</strong></span> <span class='ocrx_word' id='word_1_108' title='bbox 505 1181 783 1225; x_wconf 74' lang='lat' dir='ltr'><strong>contrectari</strong></span> <span class='ocrx_word' id='word_1_109' title='bbox 802 1181 992 1226; x_wconf 77' lang='lat' dir='ltr'><strong>innoxie</strong></span> <span class='ocrx_word' id='word_1_110' title='bbox 1013 1191 1168 1242; x_wconf 81' lang='lat' dir='ltr'><strong>queat.</strong></span> <span class='ocrx_word' id='word_1_111' title='bbox 1344 1181 1353 1188; x_wconf 71' lang='grc'><em>“</em></span> 
     </span>
    </p>

    <p class='ocr_par' dir='ltr' id='par_1_7' title="bbox 223 1253 1939 1625">
     <span class='ocr_line' id='line_1_13' title="bbox 287 1253 1937 1323; baseline -0.001 -23"><span class='ocrx_word' id='word_1_112' title='bbox 287 1253 352 1320; x_wconf 84' lang='lat' dir='ltr'><strong>(v.</strong></span> <span class='ocrx_word' id='word_1_113' title='bbox 376 1253 510 1319; x_wconf 78' lang='lat'><strong>677.)</strong></span> <span class='ocrx_word' id='word_1_114' title='bbox 529 1263 615 1306; x_wconf 77' lang='grc' dir='ltr'><strong>Καὶ</strong></span> <span class='ocrx_word' id='word_1_115' title='bbox 642 1264 717 1321; x_wconf 74' lang='grc' dir='ltr'><strong>μὴν</strong></span> <span class='ocrx_word' id='word_1_116' title='bbox 741 1262 813 1307; x_wconf 74' lang='grc' dir='ltr'><strong>καὶ</strong></span> <span class='ocrx_word' id='word_1_117' title='bbox 840 1262 912 1311; x_wconf 74' lang='grc' dir='ltr'><strong>τὴν</strong></span> <span class='ocrx_word' id='word_1_118' title='bbox 945 1266 1070 1323; x_wconf 79' lang='grc' dir='ltr'><strong>ὀσμὴν</strong></span> <span class='ocrx_word' id='word_1_119' title='bbox 1104 1267 1332 1323; x_wconf 84' lang='grc' dir='ltr'><strong>νομιστέον,</strong></span> <span class='ocrx_word' id='word_1_120' title='bbox 1355 1265 1490 1321; x_wconf 84' lang='grc' dir='ltr'><strong>ὥσπερ</strong></span> <span class='ocrx_word' id='word_1_121' title='bbox 1511 1261 1582 1304; x_wconf 79' lang='grc' dir='ltr'><strong>καὶ</strong></span> <span class='ocrx_word' id='word_1_122' title='bbox 1603 1263 1674 1308; x_wconf 78' lang='grc' dir='ltr'><strong>τὴν</strong></span> <span class='ocrx_word' id='word_1_123' title='bbox 1703 1260 1845 1310; x_wconf 70' lang='grc' dir='ltr'><strong>ἀκοὴν,</strong></span> <span class='ocrx_word' id='word_1_124' title='bbox 1869 1259 1937 1299; x_wconf 79' lang='grc' dir='ltr'><strong>οὐκ</strong></span> 
     </span>
     <span class='ocr_line' id='line_1_14' title="bbox 224 1336 1939 1400; baseline -0.003 -18"><span class='ocrx_word' id='word_1_125' title='bbox 224 1339 272 1382; x_wconf 78' lang='grc' dir='ltr'><strong>ἄν</strong></span> <span class='ocrx_word' id='word_1_126' title='bbox 296 1355 398 1382; x_wconf 79' lang='grc' dir='ltr'><strong>ποτε</strong></span> <span class='ocrx_word' id='word_1_127' title='bbox 425 1339 551 1389; x_wconf 79' lang='grc' dir='ltr'><strong>πάθος</strong></span> <span class='ocrx_word' id='word_1_128' title='bbox 576 1341 681 1383; x_wconf 82' lang='grc' dir='ltr'><strong>οὐθὲν</strong></span> <span class='ocrx_word' id='word_1_129' title='bbox 708 1342 978 1398; x_wconf 79' lang='grc' dir='ltr'><strong>ἐργάσασθαι,</strong></span> <span class='ocrx_word' id='word_1_130' title='bbox 1009 1343 1043 1385; x_wconf 83' lang='grc' dir='ltr'><strong>εἰ</strong></span> <span class='ocrx_word' id='word_1_131' title='bbox 1065 1343 1120 1400; x_wconf 77' lang='grc' dir='ltr'><strong>μὴ</strong></span> <span class='ocrx_word' id='word_1_132' title='bbox 1141 1343 1249 1400; x_wconf 77' lang='grc' dir='ltr'><strong>ὄγκοι</strong></span> <span class='ocrx_word' id='word_1_133' title='bbox 1272 1342 1374 1391; x_wconf 85' lang='grc' dir='ltr'><strong>τινὲς</strong></span> <span class='ocrx_word' id='word_1_134' title='bbox 1400 1339 1504 1388; x_wconf 77' lang='grc' dir='ltr'><strong>ἦσαν</strong></span> <span class='ocrx_word' id='word_1_135' title='bbox 1537 1339 1617 1381; x_wconf 79' lang='grc' dir='ltr'><strong>ἀπὸ</strong></span> <span class='ocrx_word' id='word_1_136' title='bbox 1651 1341 1721 1379; x_wconf 84' lang='grc' dir='ltr'><strong>τοῦ</strong></span> <span class='ocrx_word' id='word_1_137' title='bbox 1750 1336 1939 1393; x_wconf 70' lang='grc' dir='ltr'><strong>πρᾶγμα·</strong></span> 
     </span>
     <span class='ocr_line' id='line_1_15' title="bbox 223 1410 1935 1477; baseline -0.002 -13"><span class='ocrx_word' id='word_1_138' title='bbox 223 1432 290 1464; x_wconf 76' lang='grc' dir='ltr'><strong>τος</strong></span> <span class='ocrx_word' id='word_1_139' title='bbox 322 1416 631 1473; x_wconf 79' lang='grc' dir='ltr'><strong>ἀποφερόμενοι,</strong></span> <span class='ocrx_word' id='word_1_140' title='bbox 663 1418 883 1476; x_wconf 81' lang='grc' dir='ltr'><strong>σύμμετροι</strong></span> <span class='ocrx_word' id='word_1_141' title='bbox 913 1418 1008 1477; x_wconf 71' lang='grc' dir='ltr'><strong>πρὸς</strong></span> <span class='ocrx_word' id='word_1_142' title='bbox 1036 1421 1082 1462; x_wconf 86' lang='grc' dir='ltr'><strong>τὸ</strong></span> <span class='ocrx_word' id='word_1_143' title='bbox 1117 1425 1236 1463; x_wconf 85' lang='grc' dir='ltr'><strong>τοῦτο</strong></span> <span class='ocrx_word' id='word_1_144' title='bbox 1266 1420 1312 1462; x_wconf 80' lang='grc' dir='ltr'><strong>τὸ</strong></span> <span class='ocrx_word' id='word_1_145' title='bbox 1347 1416 1598 1473; x_wconf 67' lang='grc' dir='ltr'><strong>αἰσθητήριον</strong></span> <span class='ocrx_word' id='word_1_146' title='bbox 1634 1414 1769 1456; x_wconf 70' lang='grc' dir='ltr'><strong>κινεῖν’</strong></span> <span class='ocrx_word' id='word_1_147' title='bbox 1793 1412 1826 1454; x_wconf 80' lang='grc' dir='ltr'><strong>ῡῖ</strong></span> <span class='ocrx_word' id='word_1_148' title='bbox 1866 1410 1935 1468; x_wconf 62' lang='grc' dir='ltr'><strong>μὲν</strong></span> 
     </span>
     <span class='ocr_line' id='line_1_16' title="bbox 223 1488 1939 1554; baseline 0.001 -20"><span class='ocrx_word' id='word_1_149' title='bbox 223 1494 347 1544; x_wconf 82' lang='grc' dir='ltr'><strong>τοῖοι,</strong></span> <span class='ocrx_word' id='word_1_150' title='bbox 379 1495 688 1552; x_wconf 72' lang='grc' dir='ltr'><strong>τεταραγμένως</strong></span> <span class='ocrx_word' id='word_1_151' title='bbox 733 1495 805 1539; x_wconf 76' lang='grc' dir='ltr'><strong>καὶ</strong></span> <span class='ocrx_word' id='word_1_152' title='bbox 839 1497 1073 1554; x_wconf 85' lang='grc' dir='ltr'><strong>ἀλλοτρίως,</strong></span> <span class='ocrx_word' id='word_1_153' title='bbox 1114 1498 1148 1540; x_wconf 84' lang='grc' dir='ltr'><strong>οἱ</strong></span> <span class='ocrx_word' id='word_1_154' title='bbox 1194 1493 1243 1539; x_wconf 69' lang='grc' dir='ltr'><strong>δὲ</strong></span> <span class='ocrx_word' id='word_1_155' title='bbox 1284 1498 1404 1548; x_wconf 83' lang='grc' dir='ltr'><strong>τοῖοι,</strong></span> <span class='ocrx_word' id='word_1_156' title='bbox 1436 1493 1650 1550; x_wconf 84' lang='grc' dir='ltr'><strong>ἀταράχως</strong></span> <span class='ocrx_word' id='word_1_157' title='bbox 1686 1488 1757 1533; x_wconf 80' lang='grc' dir='ltr'><strong>καὶ</strong></span> <span class='ocrx_word' id='word_1_158' title='bbox 1791 1488 1939 1536; x_wconf 76' lang='grc' dir='ltr'><strong>οἰκείως</strong></span> 
     </span>
     <span class='ocr_line' id='line_1_17' title="bbox 225 1563 1011 1625; baseline 0.003 -15"><span class='ocrx_word' id='word_1_159' title='bbox 225 1570 391 1624; x_wconf 77' lang='grc' dir='ltr'><strong>ἔχοντες.</strong></span> <span class='ocrx_word' id='word_1_160' title='bbox 417 1563 555 1611; x_wconf 73' lang='lat' dir='ltr'><strong>El’lc.</strong></span> <span class='ocrx_word' id='word_1_161' title='bbox 577 1565 863 1625; x_wconf 6' lang='lat' dir='ltr'><strong>adeerod„</strong></span> <span class='ocrx_word' id='word_1_162' title='bbox 887 1569 911 1624; x_wconf 84' lang='lat'>§</span> <span class='ocrx_word' id='word_1_163' title='bbox 936 1566 1011 1614; x_wconf 83' lang='grc'><strong>53.</strong></span> 
     </span>
    </p>

    <p class='ocr_par' dir='ltr' id='par_1_8' title="bbox 223 1635 1954 1858">
     <span class='ocr_line' id='line_1_18' title="bbox 293 1635 1939 1707; baseline 0.002 -25"><span class='ocrx_word' id='word_1_164' title='bbox 293 1639 538 1685; x_wconf 76' lang='lat' dir='ltr'><strong>Promis-sa</strong></span> <span class='ocrx_word' id='word_1_165' title='bbox 571 1656 739 1686; x_wconf 86' lang='lat' dir='ltr'><strong>canum</strong></span> <span class='ocrx_word' id='word_1_166' title='bbox 773 1644 838 1688; x_wconf 78' lang='lat' dir='ltr'><strong>vis</strong></span> <span class='ocrx_word' id='word_1_167' title='bbox 870 1641 932 1706; x_wconf 85' lang='lat' dir='ltr'><strong>(v.</strong></span> <span class='ocrx_word' id='word_1_168' title='bbox 966 1640 1103 1707; x_wconf 82' lang='lat'><strong>685).</strong></span> <span class='ocrx_word' id='word_1_169' title='bbox 1132 1663 1151 1684; x_wconf 89' lang='lat'>«</span> <span class='ocrx_word' id='word_1_170' title='bbox 1176 1645 1214 1688; x_wconf 93' lang='grc' dir='ltr'><strong>Ι.</strong></span> <span class='ocrx_word' id='word_1_171' title='bbox 1240 1657 1280 1688; x_wconf 88' lang='lat' dir='ltr'><strong>e.</strong></span> <span class='ocrx_word' id='word_1_172' title='bbox 1310 1641 1516 1687; x_wconf 83' lang='lat' dir='ltr'><strong>immissa</strong></span> <span class='ocrx_word' id='word_1_173' title='bbox 1525 1654 1545 1694; x_wconf 91' lang='lat'><strong>,·</strong></span> <span class='ocrx_word' id='word_1_174' title='bbox 1580 1635 1691 1681; x_wconf 84' lang='lat' dir='ltr'><strong>inde</strong></span> <span class='ocrx_word' id='word_1_175' title='bbox 1719 1643 1939 1695; x_wconf 75' lang='grc' dir='ltr'><strong>ἐπακτῆρες</strong></span> 
     </span>
     <span class='ocr_line' id='line_1_19' title="bbox 223 1709 1938 1784; baseline -0.004 -24"><span class='ocrx_word' id='word_1_176' title='bbox 223 1729 313 1775; x_wconf 91' lang='lat' dir='ltr'><strong>pro</strong></span> <span class='ocrx_word' id='word_1_177' title='bbox 335 1716 637 1764; x_wconf 81' lang='lat' dir='ltr'><strong>venatoribus</strong></span> <span class='ocrx_word' id='word_1_178' title='bbox 655 1719 785 1780; x_wconf 82' lang='lat' dir='ltr'><strong>apud</strong></span> <span class='ocrx_word' id='word_1_179' title='bbox 811 1719 1164 1779; x_wconf 84' lang='lat' dir='ltr'><strong>Callimachum,</strong></span> <span class='ocrx_word' id='word_1_180' title='bbox 1190 1729 1236 1766; x_wconf 88' lang='lat' dir='ltr'><strong>et</strong></span> <span class='ocrx_word' id='word_1_181' title='bbox 1260 1726 1423 1784; x_wconf 73' lang='grc' dir='ltr'><strong>ἐπάγειν</strong></span> <span class='ocrx_word' id='word_1_182' title='bbox 1458 1715 1588 1777; x_wconf 86' lang='lat' dir='ltr'><strong>apud</strong></span> <span class='ocrx_word' id='word_1_183' title='bbox 1611 1709 1938 1768; x_wconf 79' lang='lat' dir='ltr'><strong>Plutarchum,</strong></span> 
     </span>
     <span class='ocr_line' id='line_1_20' title="bbox 223 1791 1954 1858; baseline -0.002 -22"><span class='ocrx_word' id='word_1_184' title='bbox 223 1791 274 1837; x_wconf 88' lang='lat' dir='ltr'><strong>in</strong></span> <span class='ocrx_word' id='word_1_185' title='bbox 297 1793 645 1856; x_wconf 76' lang='lat' dir='ltr'><strong>Apophthegm.</strong></span> <span class='ocrx_word' id='word_1_186' title='bbox 669 1811 759 1856; x_wconf 90' lang='lat' dir='ltr'><strong>pro</strong></span> <span class='ocrx_word' id='word_1_187' title='bbox 781 1806 1005 1843; x_wconf 81' lang='lat' dir='ltr'><strong>venatum</strong></span> <span class='ocrx_word' id='word_1_188' title='bbox 1027 1800 1194 1844; x_wconf 83' lang='lat' dir='ltr'><strong>ducere</strong></span> <span class='ocrx_word' id='word_1_189' title='bbox 1216 1813 1298 1843; x_wconf 92' lang='lat' dir='ltr'><strong>seu</strong></span> <span class='ocrx_word' id='word_1_190' title='bbox 1312 1795 1598 1858; x_wconf 76' lang='lat' dir='ltr'><strong>promittere.</strong></span> <span class='ocrx_word' id='word_1_191' title='bbox 1614 1812 1634 1832; x_wconf 90' lang='lat'>»</span> <span class='ocrx_word' id='word_1_192' title='bbox 1659 1792 1837 1836; x_wconf 61' lang='lat' dir='ltr'><strong>Fumi.</strong></span> <span class='ocrx_word' id='word_1_193' title='bbox 1952 1808 1954 1813; x_wconf 59' lang='lat'>¹</span> 
     </span>
    </p>

    <p class='ocr_par' dir='ltr' id='par_1_9' title="bbox 221 1868 1937 2069">
     <span class='ocr_line' id='line_1_21' title="bbox 285 1868 1934 1935; baseline 0.001 -21"><span class='ocrx_word' id='word_1_194' title='bbox 285 1868 541 1917; x_wconf 83' lang='lat' dir='ltr'><strong>Lambinus</strong></span> <span class='ocrx_word' id='word_1_195' title='bbox 569 1880 724 1918; x_wconf 88' lang='lat' dir='ltr'><strong>autem</strong></span> <span class='ocrx_word' id='word_1_196' title='bbox 762 1873 826 1919; x_wconf 85' lang='lat' dir='ltr'><strong>sic</strong></span> <span class='ocrx_word' id='word_1_197' title='bbox 855 1874 1055 1935; x_wconf 85' lang='lat' dir='ltr'><strong>explicat</strong></span> <span class='ocrx_word' id='word_1_198' title='bbox 1079 1892 1090 1921; x_wconf 73' lang='grc' dir='ltr'><strong><em>ε</em></strong></span> <span class='ocrx_word' id='word_1_199' title='bbox 1114 1876 1355 1921; x_wconf 80' lang='lat' dir='ltr'><strong>Promissa</strong></span> <span class='ocrx_word' id='word_1_200' title='bbox 1369 1908 1384 1930; x_wconf 95' lang='lat'><strong>,</strong></span> <span class='ocrx_word' id='word_1_201' title='bbox 1425 1872 1455 1918; x_wconf 91' lang='lat' dir='ltr'><strong>i.</strong></span> <span class='ocrx_word' id='word_1_202' title='bbox 1495 1887 1533 1917; x_wconf 90' lang='lat' dir='ltr'><strong>e.</strong></span> <span class='ocrx_word' id='word_1_203' title='bbox 1557 1871 1698 1929; x_wconf 85' lang='lat' dir='ltr'><strong>longe</strong></span> <span class='ocrx_word' id='word_1_204' title='bbox 1722 1875 1769 1912; x_wconf 88' lang='lat' dir='ltr'><strong>et</strong></span> <span class='ocrx_word' id='word_1_205' title='bbox 1789 1880 1934 1926; x_wconf 83' lang='lat' dir='ltr'><strong>porro</strong></span> 
     </span>
     <span class='ocr_line' id='line_1_22' title="bbox 221 1942 1937 2014; baseline -0.001 -24"><span class='ocrx_word' id='word_1_206' title='bbox 221 1953 356 1991; x_wconf 74' lang='lat' dir='ltr'><strong>tenus</strong></span> <span class='ocrx_word' id='word_1_207' title='bbox 386 1946 524 1993; x_wconf 88' lang='lat' dir='ltr'><strong>missa</strong></span> <span class='ocrx_word' id='word_1_208' title='bbox 537 1981 552 2006; x_wconf 89' lang='lat'><strong>,</strong></span> <span class='ocrx_word' id='word_1_209' title='bbox 573 1950 648 1994; x_wconf 84' lang='lat' dir='ltr'><strong>vel</strong></span> <span class='ocrx_word' id='word_1_210' title='bbox 678 1965 704 1996; x_wconf 92' lang='lat' dir='ltr'><strong>e</strong></span> <span class='ocrx_word' id='word_1_211' title='bbox 726 1951 988 2014; x_wconf 87' lang='lat' dir='ltr'><strong>longinquo</strong></span> <span class='ocrx_word' id='word_1_212' title='bbox 1013 1953 1184 1999; x_wconf 88' lang='lat' dir='ltr'><strong>odores</strong></span> <span class='ocrx_word' id='word_1_213' title='bbox 1206 1951 1420 1998; x_wconf 89' lang='lat' dir='ltr'><strong>sentiens.</strong></span> <span class='ocrx_word' id='word_1_214' title='bbox 1448 1946 1631 1997; x_wconf 84' lang='lat' dir='ltr'><strong>Wakef.</strong></span> <span class='ocrx_word' id='word_1_215' title='bbox 1655 1942 1806 1990; x_wconf 81' lang='lat' dir='ltr'><strong>edidit</strong></span> <span class='ocrx_word' id='word_1_216' title='bbox 1826 1956 1937 2003; x_wconf 85' lang='lat' dir='ltr'><strong>per-</strong></span> 
     </span>
     <span class='ocr_line' id='line_1_23' title="bbox 223 2038 381 2069; baseline 0.019 -3"><span class='ocrx_word' id='word_1_217' title='bbox 223 2038 381 2069; x_wconf 69' lang='lat' dir='ltr'><strong>missa.</strong></span> 
     </span>
    </p>

    <p class='ocr_par' dir='ltr' id='par_1_10' title="bbox 291 2099 1188 2170">
     <span class='ocr_line' id='line_1_24' title="bbox 291 2099 1188 2170; baseline 0.009 -25"><span class='ocrx_word' id='word_1_218' title='bbox 291 2099 627 2159; x_wconf 71' lang='lat' dir='ltr'><strong>Conlabefacta</strong></span> <span class='ocrx_word' id='word_1_219' title='bbox 648 2101 710 2167; x_wconf 76' lang='lat' dir='ltr'><strong>(v.</strong></span> <span class='ocrx_word' id='word_1_220' title='bbox 739 2103 864 2170; x_wconf 89' lang='lat'><strong>701).</strong></span> <span class='ocrx_word' id='word_1_221' title='bbox 891 2106 967 2152; x_wconf 83' lang='lat' dir='ltr'><strong>sic</strong></span> <span class='ocrx_word' id='word_1_222' title='bbox 990 2123 1031 2165; x_wconf 91' lang='lat'><strong>1,</strong></span> <span class='ocrx_word' id='word_1_223' title='bbox 1057 2108 1149 2168; x_wconf 73' lang='lat'><strong>493</strong></span> <span class='ocrx_word' id='word_1_224' title='bbox 1176 2124 1188 2152; x_wconf 76' lang='grc' dir='ltr'><strong><em>ε</em></strong></span> 
     </span>
    </p>
   </div>
   <div class='ocr_carea' id='block_1_3' title="bbox 397 2208 1285 2264">
    <p class='ocr_par' dir='ltr' id='par_1_11' title="bbox 397 2208 1285 2264">
     <span class='ocr_line' id='line_1_25' title="bbox 397 2208 1285 2264; baseline 0.008 -16"><span class='ocrx_word' id='word_1_225' title='bbox 397 2208 734 2250; x_wconf 78' lang='lat' dir='ltr'><strong>Conlabefactatus</strong></span> <span class='ocrx_word' id='word_1_226' title='bbox 755 2210 863 2264; x_wconf 85' lang='lat' dir='ltr'><strong>rigor</strong></span> <span class='ocrx_word' id='word_1_227' title='bbox 884 2211 971 2251; x_wconf 85' lang='lat' dir='ltr'><strong>auri</strong></span> <span class='ocrx_word' id='word_1_228' title='bbox 992 2211 1154 2253; x_wconf 82' lang='lat' dir='ltr'><strong>solvitur</strong></span> <span class='ocrx_word' id='word_1_229' title='bbox 1176 2220 1285 2255; x_wconf 86' lang='lat' dir='ltr'><strong>aestu.</strong></span> 
     </span>
    </p>
   </div>
   <div class='ocr_carea' id='block_1_4' title="bbox 222 2315 1939 3389">
    <p class='ocr_par' dir='ltr' id='par_1_12' title="bbox 225 2315 1233 2383">
     <span class='ocr_line' id='line_1_26' title="bbox 225 2315 1233 2383; baseline 0.005 -22"><span class='ocrx_word' id='word_1_230' title='bbox 225 2315 294 2362; x_wconf 80' lang='lat' dir='ltr'><strong>cf.</strong></span> <span class='ocrx_word' id='word_1_231' title='bbox 319 2331 516 2378; x_wconf 85' lang='lat' dir='ltr'><strong>quoque</strong></span> <span class='ocrx_word' id='word_1_232' title='bbox 536 2320 710 2379; x_wconf 60' lang='lat' dir='ltr'><strong>Vnae„</strong></span> <span class='ocrx_word' id='word_1_233' title='bbox 746 2319 952 2374; x_wconf 83' lang='lat' dir='ltr'><strong>AEneid.‚</strong></span> <span class='ocrx_word' id='word_1_234' title='bbox 978 2337 1070 2367; x_wconf 79' lang='lat' dir='ltr'><strong>vln</strong></span> <span class='ocrx_word' id='word_1_235' title='bbox 1086 2355 1100 2380; x_wconf 92' lang='lat'><strong>,</strong></span> <span class='ocrx_word' id='word_1_236' title='bbox 1126 2322 1233 2383; x_wconf 82' lang='lat'><strong>390.</strong></span> 
     </span>
    </p>

    <p class='ocr_par' dir='ltr' id='par_1_13' title="bbox 290 2393 1936 2463">
     <span class='ocr_line' id='line_1_27' title="bbox 290 2393 1936 2463; baseline 0 -25"><span class='ocrx_word' id='word_1_237' title='bbox 290 2393 623 2457; x_wconf 67' lang='lat' dir='ltr'><strong>qudgescit....</strong></span> <span class='ocrx_word' id='word_1_238' title='bbox 659 2399 811 2460; x_wconf 82' lang='lat' dir='ltr'><em>plaga</em></span> <span class='ocrx_word' id='word_1_239' title='bbox 826 2397 888 2462; x_wconf 85' lang='lat' dir='ltr'><strong>(v.</strong></span> <span class='ocrx_word' id='word_1_240' title='bbox 910 2414 1000 2456; x_wconf 90' lang='lat'><strong>707</strong></span> <span class='ocrx_word' id='word_1_241' title='bbox 1016 2397 1047 2463; x_wconf 90' lang='lat'><strong>).</strong></span> <span class='ocrx_word' id='word_1_242' title='bbox 1071 2401 1109 2445; x_wconf 88' lang='lat' dir='ltr'><strong>I.</strong></span> <span class='ocrx_word' id='word_1_243' title='bbox 1133 2415 1173 2445; x_wconf 90' lang='lat' dir='ltr'><strong>e.</strong></span> <span class='ocrx_word' id='word_1_244' title='bbox 1196 2398 1317 2444; x_wconf 88' lang='lat' dir='ltr'><strong>ictus</strong></span> <span class='ocrx_word' id='word_1_245' title='bbox 1343 2399 1570 2444; x_wconf 89' lang='lat' dir='ltr'><strong>seminum</strong></span> <span class='ocrx_word' id='word_1_246' title='bbox 1584 2395 1638 2442; x_wconf 88' lang='lat' dir='ltr'><strong>fit</strong></span> <span class='ocrx_word' id='word_1_247' title='bbox 1652 2394 1936 2458; x_wconf 84' lang='lat' dir='ltr'><strong>languidior.</strong></span> 
     </span>
    </p>

    <p class='ocr_par' dir='ltr' id='par_1_14' title="bbox 222 2471 1936 2614">
     <span class='ocr_line' id='line_1_28' title="bbox 288 2471 1936 2540; baseline 0 -23"><span class='ocrx_word' id='word_1_248' title='bbox 288 2471 483 2519; x_wconf 87' lang='lat' dir='ltr'><strong>Noctem</strong></span> <span class='ocrx_word' id='word_1_249' title='bbox 505 2476 895 2535; x_wconf 74' lang='lat' dir='ltr'><strong>explaudentibus</strong></span> <span class='ocrx_word' id='word_1_250' title='bbox 916 2478 1007 2522; x_wconf 81' lang='lat' dir='ltr'><strong>alis</strong></span> <span class='ocrx_word' id='word_1_251' title='bbox 1029 2474 1091 2540; x_wconf 83' lang='lat' dir='ltr'><strong>(v.</strong></span> <span class='ocrx_word' id='word_1_252' title='bbox 1121 2475 1251 2540; x_wconf 74' lang='lat'><strong>714).</strong></span> <span class='ocrx_word' id='word_1_253' title='bbox 1280 2496 1300 2517; x_wconf 84' lang='lat'>«</span> <span class='ocrx_word' id='word_1_254' title='bbox 1321 2478 1357 2523; x_wconf 95' lang='grc' dir='ltr'><strong>Ι.</strong></span> <span class='ocrx_word' id='word_1_255' title='bbox 1384 2492 1422 2522; x_wconf 88' lang='lat' dir='ltr'><strong>e.</strong></span> <span class='ocrx_word' id='word_1_256' title='bbox 1460 2484 1649 2521; x_wconf 87' lang='lat' dir='ltr'><strong>noctem</strong></span> <span class='ocrx_word' id='word_1_257' title='bbox 1683 2490 1770 2521; x_wconf 90' lang='lat' dir='ltr'><strong>suo</strong></span> <span class='ocrx_word' id='word_1_258' title='bbox 1801 2487 1936 2519; x_wconf 89' lang='lat' dir='ltr'><strong>com-</strong></span> 
     </span>
     <span class='ocr_line' id='line_1_29' title="bbox 222 2550 1598 2614; baseline 0.003 -20"><span class='ocrx_word' id='word_1_259' title='bbox 222 2550 361 2608; x_wconf 91' lang='lat' dir='ltr'><strong>plosu</strong></span> <span class='ocrx_word' id='word_1_260' title='bbox 383 2551 726 2598; x_wconf 65' lang='lat' dir='ltr'><strong>excutientibus</strong></span> <span class='ocrx_word' id='word_1_261' title='bbox 748 2562 794 2599; x_wconf 90' lang='lat' dir='ltr'><strong>et</strong></span> <span class='ocrx_word' id='word_1_262' title='bbox 817 2553 961 2599; x_wconf 82' lang='lat' dir='ltr'><strong>veluti</strong></span> <span class='ocrx_word' id='word_1_263' title='bbox 985 2554 1338 2614; x_wconf 81' lang='lat' dir='ltr'><strong>expellentibus.</strong></span> <span class='ocrx_word' id='word_1_264' title='bbox 1357 2574 1376 2595; x_wconf 92' lang='lat'>»</span> <span class='ocrx_word' id='word_1_265' title='bbox 1399 2556 1598 2599; x_wconf 68' lang='lat' dir='ltr'><strong>Pnums.</strong></span> 
     </span>
    </p>

    <p class='ocr_par' dir='ltr' id='par_1_15' title="bbox 225 2629 1939 2772">
     <span class='ocr_line' id='line_1_30' title="bbox 300 2629 1939 2698; baseline 0 -23"><span class='ocrx_word' id='word_1_266' title='bbox 300 2630 419 2676; x_wconf 85' lang='lat' dir='ltr'><strong>Voce</strong></span> <span class='ocrx_word' id='word_1_267' title='bbox 439 2647 612 2677; x_wconf 82' lang='lat' dir='ltr'><strong>vocare</strong></span> <span class='ocrx_word' id='word_1_268' title='bbox 634 2630 697 2695; x_wconf 85' lang='lat' dir='ltr'><strong>(v.</strong></span> <span class='ocrx_word' id='word_1_269' title='bbox 724 2631 858 2698; x_wconf 84' lang='lat'><strong>7¹5)·</strong></span> <span class='ocrx_word' id='word_1_270' title='bbox 884 2634 952 2681; x_wconf 85' lang='lat' dir='ltr'><strong>Cf.</strong></span> <span class='ocrx_word' id='word_1_271' title='bbox 978 2637 1147 2694; x_wconf 56' lang='lat' dir='ltr'><strong>Vnae„</strong></span> <span class='ocrx_word' id='word_1_272' title='bbox 1172 2634 1381 2690; x_wconf 80' lang='lat' dir='ltr'><strong>AEneid.,</strong></span> <span class='ocrx_word' id='word_1_273' title='bbox 1409 2651 1474 2691; x_wconf 77' lang='lat' dir='ltr'><strong>iv,</strong></span> <span class='ocrx_word' id='word_1_274' title='bbox 1499 2634 1618 2690; x_wconf 81' lang='lat'><strong>6803</strong></span> <span class='ocrx_word' id='word_1_275' title='bbox 1642 2648 1718 2689; x_wconf 83' lang='lat' dir='ltr'><strong>vl,</strong></span> <span class='ocrx_word' id='word_1_276' title='bbox 1747 2629 1838 2676; x_wconf 85' lang='lat'><strong>506</strong></span> <span class='ocrx_word' id='word_1_277' title='bbox 1854 2665 1868 2688; x_wconf 90' lang='lat'><strong>,</strong></span> <span class='ocrx_word' id='word_1_278' title='bbox 1894 2639 1939 2676; x_wconf 87' lang='lat' dir='ltr'><strong>et</strong></span> 
     </span>
     <span class='ocr_line' id='line_1_31' title="bbox 225 2701 1303 2772; baseline 0.008 -22"><span class='ocrx_word' id='word_1_279' title='bbox 225 2705 418 2766; x_wconf 81' lang='lat' dir='ltr'><strong>saepius3</strong></span> <span class='ocrx_word' id='word_1_280' title='bbox 438 2708 534 2754; x_wconf 83' lang='lat' dir='ltr'><strong>vid.</strong></span> <span class='ocrx_word' id='word_1_281' title='bbox 558 2709 697 2755; x_wconf 87' lang='lat' dir='ltr'><strong>etiam</strong></span> <span class='ocrx_word' id='word_1_282' title='bbox 719 2726 857 2772; x_wconf 87' lang='lat' dir='ltr'><strong>supra</strong></span> <span class='ocrx_word' id='word_1_283' title='bbox 881 2712 942 2757; x_wconf 92' lang='lat' dir='ltr'><strong>ad</strong></span> <span class='ocrx_word' id='word_1_284' title='bbox 964 2726 1027 2757; x_wconf 85' lang='lat'><strong>111</strong></span> <span class='ocrx_word' id='word_1_285' title='bbox 1045 2747 1059 2771; x_wconf 91' lang='lat'><strong>,</strong></span> <span class='ocrx_word' id='word_1_286' title='bbox 1083 2710 1191 2759; x_wconf 85' lang='lat'><strong>568.</strong></span> <span class='ocrx_word' id='word_1_287' title='bbox 1224 2731 1232 2743; x_wconf 88' lang='lat'><em>·</em></span> <span class='ocrx_word' id='word_1_288' title='bbox 1299 2701 1303 2705; x_wconf 41' lang='grc'><strong><em>’</em></strong></span> 
     </span>
    </p>

    <p class='ocr_par' dir='ltr' id='par_1_16' title="bbox 291 2780 1130 2850">
     <span class='ocr_line' id='line_1_32' title="bbox 291 2780 1130 2850; baseline 0.011 -24"><span class='ocrx_word' id='word_1_289' title='bbox 291 2781 424 2827; x_wconf 83' lang='lat' dir='ltr'><strong>Nenu</strong></span> <span class='ocrx_word' id='word_1_290' title='bbox 445 2780 507 2846; x_wconf 84' lang='lat' dir='ltr'><strong>(v.</strong></span> <span class='ocrx_word' id='word_1_291' title='bbox 535 2784 660 2850; x_wconf 85' lang='lat'><strong>716).</strong></span> <span class='ocrx_word' id='word_1_292' title='bbox 687 2785 796 2833; x_wconf 87' lang='lat' dir='ltr'><strong>Vid.</strong></span> <span class='ocrx_word' id='word_1_293' title='bbox 821 2787 883 2834; x_wconf 88' lang='lat' dir='ltr'><strong>ad</strong></span> <span class='ocrx_word' id='word_1_294' title='bbox 906 2804 996 2847; x_wconf 90' lang='lat'><strong>111,</strong></span> <span class='ocrx_word' id='word_1_295' title='bbox 1022 2805 1130 2835; x_wconf 92' lang='lat'><strong>200.</strong></span> 
     </span>
    </p>

    <p class='ocr_par' dir='ltr' id='par_1_17' title="bbox 224 2857 1939 3389">
     <span class='ocr_line' id='line_1_33' title="bbox 290 2857 1938 2929; baseline 0.004 -27"><span class='ocrx_word' id='word_1_296' title='bbox 290 2857 492 2904; x_wconf 82' lang='lat' dir='ltr'><strong>Reddita</strong></span> <span class='ocrx_word' id='word_1_297' title='bbox 510 2861 634 2907; x_wconf 78' lang='lat' dir='ltr'><strong>vitai</strong></span> <span class='ocrx_word' id='word_1_298' title='bbox 650 2861 712 2927; x_wconf 81' lang='lat' dir='ltr'><strong>(v.</strong></span> <span class='ocrx_word' id='word_1_299' title='bbox 746 2863 872 2929; x_wconf 87' lang='lat'><strong>765).</strong></span> <span class='ocrx_word' id='word_1_300' title='bbox 902 2867 1115 2911; x_wconf 87' lang='lat' dir='ltr'><strong>Reddere</strong></span> <span class='ocrx_word' id='word_1_301' title='bbox 1135 2882 1225 2927; x_wconf 92' lang='lat' dir='ltr'><strong>pro</strong></span> <span class='ocrx_word' id='word_1_302' title='bbox 1248 2865 1444 2926; x_wconf 89' lang='lat' dir='ltr'><strong>simplici</strong></span> <span class='ocrx_word' id='word_1_303' title='bbox 1465 2866 1579 2910; x_wconf 86' lang='lat' dir='ltr'><strong>dare</strong></span> <span class='ocrx_word' id='word_1_304' title='bbox 1595 2900 1607 2923; x_wconf 93' lang='lat'><strong>,</strong></span> <span class='ocrx_word' id='word_1_305' title='bbox 1636 2875 1827 2910; x_wconf 88' lang='lat' dir='ltr'><strong>mortem</strong></span> <span class='ocrx_word' id='word_1_306' title='bbox 1852 2880 1938 2909; x_wconf 86' lang='lat' dir='ltr'><strong>au—</strong></span> 
     </span>
     <span class='ocr_line' id='line_1_34' title="bbox 225 2935 1938 3002; baseline 0.003 -21"><span class='ocrx_word' id='word_1_307' title='bbox 225 2944 317 2980; x_wconf 89' lang='lat' dir='ltr'><strong>tem</strong></span> <span class='ocrx_word' id='word_1_308' title='bbox 331 2949 422 2995; x_wconf 90' lang='lat' dir='ltr'><strong>pro</strong></span> <span class='ocrx_word' id='word_1_309' title='bbox 447 2935 631 2983; x_wconf 81' lang='lat' dir='ltr'><strong>interitu</strong></span> <span class='ocrx_word' id='word_1_310' title='bbox 651 2955 748 2987; x_wconf 85' lang='lat' dir='ltr'><strong>esse</strong></span> <span class='ocrx_word' id='word_1_311' title='bbox 770 2941 884 2988; x_wconf 88' lang='lat' dir='ltr'><strong>dicit</strong></span> <span class='ocrx_word' id='word_1_312' title='bbox 905 2943 1086 2989; x_wconf 85' lang='lat' dir='ltr'><strong>Wakef.</strong></span> <span class='ocrx_word' id='word_1_313' title='bbox 1103 2978 1117 3002; x_wconf 91' lang='lat'>‚</span> <span class='ocrx_word' id='word_1_314' title='bbox 1136 2944 1228 2989; x_wconf 91' lang='lat' dir='ltr'><strong>hoc</strong></span> <span class='ocrx_word' id='word_1_315' title='bbox 1250 2959 1387 2988; x_wconf 89' lang='lat' dir='ltr'><strong>sensu</strong></span> <span class='ocrx_word' id='word_1_316' title='bbox 1411 2959 1422 2987; x_wconf 91' lang='lat'>:</span> <span class='ocrx_word' id='word_1_317' title='bbox 1448 2962 1468 2983; x_wconf 87' lang='lat'>«</span> <span class='ocrx_word' id='word_1_318' title='bbox 1491 2944 1556 2989; x_wconf 91' lang='lat' dir='ltr'><strong>Ut</strong></span> <span class='ocrx_word' id='word_1_319' title='bbox 1570 2941 1813 2988; x_wconf 88' lang='lat' dir='ltr'><strong>videamur</strong></span> <span class='ocrx_word' id='word_1_320' title='bbox 1835 2957 1938 2987; x_wconf 90' lang='lat' dir='ltr'><strong>cer-</strong></span> 
     </span>
     <span class='ocr_line' id='line_1_35' title="bbox 224 3019 1936 3080; baseline 0.005 -24"><span class='ocrx_word' id='word_1_321' title='bbox 224 3027 336 3057; x_wconf 86' lang='lat' dir='ltr'><strong>nere</strong></span> <span class='ocrx_word' id='word_1_322' title='bbox 360 3027 496 3070; x_wconf 88' lang='lat' dir='ltr'><strong>eum,</strong></span> <span class='ocrx_word' id='word_1_323' title='bbox 529 3028 672 3074; x_wconf 88' lang='lat' dir='ltr'><strong>quem</strong></span> <span class='ocrx_word' id='word_1_324' title='bbox 698 3033 825 3064; x_wconf 87' lang='lat' dir='ltr'><strong>mors</strong></span> <span class='ocrx_word' id='word_1_325' title='bbox 854 3019 958 3067; x_wconf 83' lang='lat' dir='ltr'><strong>vitae</strong></span> <span class='ocrx_word' id='word_1_326' title='bbox 988 3021 1084 3080; x_wconf 88' lang='lat' dir='ltr'><strong>jam</strong></span> <span class='ocrx_word' id='word_1_327' title='bbox 1117 3021 1253 3077; x_wconf 86' lang='lat' dir='ltr'><strong>data,</strong></span> <span class='ocrx_word' id='word_1_328' title='bbox 1275 3021 1350 3065; x_wconf 83' lang='lat' dir='ltr'><strong>vel</strong></span> <span class='ocrx_word' id='word_1_329' title='bbox 1378 3019 1531 3078; x_wconf 90' lang='lat' dir='ltr'><strong>illata,</strong></span> <span class='ocrx_word' id='word_1_330' title='bbox 1562 3028 1607 3065; x_wconf 87' lang='lat' dir='ltr'><strong>et</strong></span> <span class='ocrx_word' id='word_1_331' title='bbox 1635 3029 1758 3065; x_wconf 88' lang='lat' dir='ltr'><strong>terra</strong></span> <span class='ocrx_word' id='word_1_332' title='bbox 1787 3020 1936 3079; x_wconf 83' lang='lat' dir='ltr'><strong>potita</strong></span> 
     </span>
     <span class='ocr_line' id='line_1_36' title="bbox 226 3089 1939 3159; baseline 0.003 -25"><span class='ocrx_word' id='word_1_333' title='bbox 226 3098 308 3134; x_wconf 87' lang='lat' dir='ltr'><strong>est.</strong></span> <span class='ocrx_word' id='word_1_334' title='bbox 336 3110 355 3130; x_wconf 74' lang='lat' dir='ltr'><strong>n</strong></span> <span class='ocrx_word' id='word_1_335' title='bbox 390 3089 447 3135; x_wconf 87' lang='lat' dir='ltr'><strong>In</strong></span> <span class='ocrx_word' id='word_1_336' title='bbox 466 3090 681 3150; x_wconf 85' lang='lat' dir='ltr'><strong>plurimis</strong></span> <span class='ocrx_word' id='word_1_337' title='bbox 710 3100 863 3141; x_wconf 87' lang='lat' dir='ltr'><strong>tamen</strong></span> <span class='ocrx_word' id='word_1_338' title='bbox 895 3097 1027 3142; x_wconf 87' lang='lat' dir='ltr'><strong>libris</strong></span> <span class='ocrx_word' id='word_1_339' title='bbox 1049 3097 1220 3159; x_wconf 87' lang='lat' dir='ltr'><strong>legitur</strong></span> <span class='ocrx_word' id='word_1_340' title='bbox 1245 3115 1255 3141; x_wconf 75' lang='grc' dir='ltr'><strong><em>ς</em></strong></span> <span class='ocrx_word' id='word_1_341' title='bbox 1281 3098 1482 3142; x_wconf 82' lang='lat' dir='ltr'><strong>Reddita</strong></span> <span class='ocrx_word' id='word_1_342' title='bbox 1505 3098 1604 3142; x_wconf 84' lang='lat' dir='ltr'><strong>vita</strong></span> <span class='ocrx_word' id='word_1_343' title='bbox 1620 3131 1634 3152; x_wconf 93' lang='lat'><strong>,</strong></span> <span class='ocrx_word' id='word_1_344' title='bbox 1675 3106 1728 3142; x_wconf 86' lang='lat' dir='ltr'><strong>ut</strong></span> <span class='ocrx_word' id='word_1_345' title='bbox 1759 3097 1939 3141; x_wconf 78' lang='lat' dir='ltr'><strong>reddire</strong></span> 
     </span>
     <span class='ocr_line' id='line_1_37' title="bbox 226 3167 1935 3234; baseline 0.005 -23"><span class='ocrx_word' id='word_1_346' title='bbox 226 3175 403 3227; x_wconf 85' lang='lat' dir='ltr'><strong>quartae</strong></span> <span class='ocrx_word' id='word_1_347' title='bbox 425 3167 614 3230; x_wconf 86' lang='lat' dir='ltr'><strong>conjug.</strong></span> <span class='ocrx_word' id='word_1_348' title='bbox 650 3185 735 3229; x_wconf 89' lang='lat' dir='ltr'><strong>per</strong></span> <span class='ocrx_word' id='word_1_349' title='bbox 758 3173 1062 3219; x_wconf 89' lang='lat' dir='ltr'><strong>archaismum</strong></span> <span class='ocrx_word' id='word_1_350' title='bbox 1083 3174 1290 3234; x_wconf 90' lang='lat' dir='ltr'><strong>positum</strong></span> <span class='ocrx_word' id='word_1_351' title='bbox 1314 3174 1372 3219; x_wconf 88' lang='lat' dir='ltr'><strong>sit</strong></span> <span class='ocrx_word' id='word_1_352' title='bbox 1393 3190 1484 3234; x_wconf 91' lang='lat' dir='ltr'><strong>pro</strong></span> <span class='ocrx_word' id='word_1_353' title='bbox 1511 3177 1702 3220; x_wconf 86' lang='lat' dir='ltr'><strong>reddere</strong></span> <span class='ocrx_word' id='word_1_354' title='bbox 1713 3191 1731 3229; x_wconf 90' lang='lat'><em>;</em></span> <span class='ocrx_word' id='word_1_355' title='bbox 1756 3175 1813 3219; x_wconf 93' lang='lat' dir='ltr'><strong>de</strong></span> <span class='ocrx_word' id='word_1_356' title='bbox 1839 3189 1935 3234; x_wconf 85' lang='lat' dir='ltr'><strong>quo</strong></span> 
     </span>
     <span class='ocr_line' id='line_1_38' title="bbox 227 3242 1933 3311; baseline 0.004 -23"><span class='ocrx_word' id='word_1_357' title='bbox 227 3242 285 3288; x_wconf 84' lang='lat' dir='ltr'><strong>cf.</strong></span> <span class='ocrx_word' id='word_1_358' title='bbox 309 3244 525 3302; x_wconf 75' lang='lat' dir='ltr'><strong>Nomos,</strong></span> <span class='ocrx_word' id='word_1_359' title='bbox 549 3261 650 3303; x_wconf 87' lang='lat' dir='ltr'><strong>vu,</strong></span> <span class='ocrx_word' id='word_1_360' title='bbox 684 3245 772 3304; x_wconf 84' lang='lat'><strong>75,</strong></span> <span class='ocrx_word' id='word_1_361' title='bbox 804 3257 850 3292; x_wconf 86' lang='lat' dir='ltr'><strong>et</strong></span> <span class='ocrx_word' id='word_1_362' title='bbox 871 3251 1042 3295; x_wconf 75' lang='grc' dir='ltr'>ΡιΑυΤ.</span> <span class='ocrx_word' id='word_1_363' title='bbox 1078 3251 1207 3306; x_wconf 66' lang='lat' dir='ltr'><strong>Cas„</strong></span> <span class='ocrx_word' id='word_1_364' title='bbox 1237 3267 1280 3309; x_wconf 88' lang='lat'><strong>1,</strong></span> <span class='ocrx_word' id='word_1_365' title='bbox 1325 3267 1342 3295; x_wconf 95' lang='lat'>1</span> <span class='ocrx_word' id='word_1_366' title='bbox 1361 3285 1374 3307; x_wconf 93' lang='lat'><strong>,</strong></span> <span class='ocrx_word' id='word_1_367' title='bbox 1408 3257 1491 3309; x_wconf 79' lang='lat'><strong>41;</strong></span> <span class='ocrx_word' id='word_1_368' title='bbox 1517 3253 1674 3307; x_wconf 60' lang='lat' dir='ltr'><strong>Men„</strong></span> <span class='ocrx_word' id='word_1_369' title='bbox 1700 3268 1752 3308; x_wconf 87' lang='lat' dir='ltr'><strong>v,</strong></span> <span class='ocrx_word' id='word_1_370' title='bbox 1780 3267 1831 3309; x_wconf 93' lang='lat'><strong>7,</strong></span> <span class='ocrx_word' id='word_1_371' title='bbox 1858 3248 1933 3311; x_wconf 81' lang='lat'><strong>59,</strong></span> 
     </span>
     <span class='ocr_line' id='line_1_39' title="bbox 226 3319 1937 3389; baseline 0.005 -26"><span class='ocrx_word' id='word_1_372' title='bbox 226 3319 311 3364; x_wconf 88' lang='lat' dir='ltr'><strong>ubi</strong></span> <span class='ocrx_word' id='word_1_373' title='bbox 345 3321 536 3367; x_wconf 82' lang='lat' dir='ltr'><strong>reddibo</strong></span> <span class='ocrx_word' id='word_1_374' title='bbox 559 3334 648 3382; x_wconf 89' lang='lat' dir='ltr'><strong>pro</strong></span> <span class='ocrx_word' id='word_1_375' title='bbox 674 3325 863 3369; x_wconf 86' lang='lat' dir='ltr'><strong>reddam</strong></span> <span class='ocrx_word' id='word_1_376' title='bbox 878 3358 894 3381; x_wconf 90' lang='lat'>‚</span> <span class='ocrx_word' id='word_1_377' title='bbox 921 3325 1225 3389; x_wconf 86' lang='lat' dir='ltr'><strong>ejusdemque</strong></span> <span class='ocrx_word' id='word_1_378' title='bbox 1248 3329 1393 3389; x_wconf 82' lang='lat' dir='ltr'><strong>Epid.</strong></span> <span class='ocrx_word' id='word_1_379' title='bbox 1410 3362 1426 3385; x_wconf 93' lang='lat'><strong>,</strong></span> <span class='ocrx_word' id='word_1_380' title='bbox 1461 3345 1502 3388; x_wconf 93' lang='lat'><strong>1,</strong></span> <span class='ocrx_word' id='word_1_381' title='bbox 1536 3346 1554 3374; x_wconf 94' lang='lat'>1</span> <span class='ocrx_word' id='word_1_382' title='bbox 1569 3364 1582 3386; x_wconf 88' lang='lat'><strong>,</strong></span> <span class='ocrx_word' id='word_1_383' title='bbox 1609 3345 1666 3375; x_wconf 86' lang='lat'><strong>22</strong></span> <span class='ocrx_word' id='word_1_384' title='bbox 1685 3363 1698 3387; x_wconf 91' lang='lat'>‚</span> <span class='ocrx_word' id='word_1_385' title='bbox 1723 3328 1806 3374; x_wconf 85' lang='lat' dir='ltr'><strong>ubi</strong></span> <span class='ocrx_word' id='word_1_386' title='bbox 1833 3329 1937 3373; x_wconf 82' lang='lat' dir='ltr'><strong>red-</strong></span> 
     </span>
    </p>
   </div>
   <div class='ocr_carea' id='block_1_5' title="bbox 1605 3438 1694 3473">
    <p class='ocr_par' dir='ltr' id='par_1_18' title="bbox 1605 3438 1694 3473">
     <span class='ocr_line' id='line_1_40' title="bbox 1605 3438 1694 3473; baseline 0 -1"><span class='ocrx_word' id='word_1_387' title='bbox 1605 3438 1694 3473; x_wconf 84' lang='lat'><strong>20.</strong></span> 
     </span>
    </p>
   </div>
  </div>
 </body>
</html>
