2320 3866
234 239 419 292 (v·38³·)
641 235 724 279 DE
758 230 981 277 RERUM
1015 227 1266 272 NATURA
1302 229 1413 273 LIB.
1453 224 1528 274 VI.
1846 231 1937 276 223

234 331 477 401 Verterit
504 339 595 396 hic
620 346 859 415 partem,
893 342 1189 407 quopacto
1215 352 1313 408 per
1345 330 1464 388 loca
1492 344 1642 409 septa

232 439 559 510 Insinuarit,
587 447 641 493 et
665 435 792 491 hinc
820 430 1128 487 dominatus
1161 444 1224 487 ut
1254 431 1510 488 extulerit
1537 452 1620 503 se,

158 597 164 602 ,
232 539 448 613 Quidve
474 555 669 594 nocere
695 543 863 609 queat
891 530 959 587 de
990 529 1129 588 coelo
1155 530 1402 588 fulminis
1426 534 1582 589 ictus,

310 637 478 712 Quod
505 637 550 692 si
575 633 788 710 Jupiter
820 643 984 708 atque
1019 630 1110 687 alii
1140 631 1411 709 fulgentia·
1439 633 1570 687 Divi

230 738 489 794 Terrifico
515 733 767 812 quatiunt
793 733 975 788 sonitu
1003 731 1240 787 coelestia
1272 729 1481 808 templa
1499 773 1514 803 ,

229 840 303 893 Et
329 836 543 913 jaciunt
569 834 748 910 igneS,
776 852 890 908 quo
921 832 1119 907 cuique
1155 842 1236 886 est
1268 850 1505 905 cumque
1533 828 1786 906 voluptas
1805 873 1818 899 ,

228 938 359 1007 Cur,
392 933 587 1011 quibus
622 933 906 987 incautum
943 929 1119 986 scelus
1153 928 1452 985 aversabile
1480 950 1716 1006 cumque
1743 942 1858 1001 est,

226 1037 355 1092 Non
377 1033 606 1105 faciunt,
636 1033 733 1088 icti
766 1030 1009 1087 flammas
1039 1042 1103 1086 ut
1132 1028 1365 1107 fulguris
1395 1028 1584 1086 halent

224 1136 449 1190 Pectore
473 1131 705 1210 perfixo,
735 1130 1005 1187 documen
1037 1129 1361 1186 mortalibus
1396 1129 1560 1186 acre?

221 1234 296 1289 Et
323 1234 505 1310 potius
535 1230 699 1290 nullae
727 1232 827 1288 sibi
858 1233 1034 1309 turpis
1068 1229 1308 1286 consciu’
1342 1232 1423 1286 rei

222 1330 482 1389 Volvitur
505 1334 563 1388 in
590 1331 822 1388 flammis
855 1331 1122 1387 innoxius,
1144 1332 1310 1407 inque
1334 1330 1573 1408 peditur,

223 1432 466 1488 Turbine
496 1430 700 1488 coelesti
733 1431 916 1487 subito
946 1443 1241 1508 conreptus
1272 1442 1325 1486 et
1358 1430 1504 1508 igni?

302 1533 419 1587 Cur
449 1532 611 1587 etiam
644 1529 766 1587 loca
789 1529 903 1587 sola
934 1542 1132 1607 petunt
1160 1529 1474 1606 frustraque
1501 1529 1792 1585 laborant?

226 1633 310 1689 An
338 1651 442 1686 con
469 1630 692 1687 brachia
723 1630 1030 1686 suefaciunt
1060 1629 1389 1705 firmantque
1421 1628 1692 1686 lacertos?

225 1732 291 1785 In
321 1741 575 1807 terraque
607 1730 779 1808 patris
812 1750 911 1786 cur
935 1728 1106 1786 telum
1133 1730 1520 1807 perpetiuntur

224 1828 510 1885 Obtundi?
543 1849 642 1886 cur
669 1830 784 1907 ipse
817 1829 976 1902 sinit,
1010 1850 1187 1906 neque
1217 1830 1394 1907 parcit
1422 1831 1479 1885 in
1512 1829 1730 1888 hostes?

299 1930 584 2006 Denique,
615 1950 714 1986 cur
743 1950 1030 2007 nunquam
1061 1929 1197 1987 coelo
1222 1930 1360 2007 jacit
1388 1929 1634 2006 undique
1664 1950 1806 2009 puro

219 2028 434 2106 Jupiter
463 2030 521 2085 in
552 2041 724 2087 terras
754 2027 965 2087 fulmen
993 2031 1320 2108 sonitusque
1344 2030 1670 2108 profundit?

222 2129 310 2184 An
328 2170 344 2201 ,
379 2128 542 2186 simul
568 2150 632 2186 ac
663 2130 836 2187 nubes
870 2151 1208 2202 successere,
1240 2132 1356 2208 ipse
1385 2133 1442 2187 in
1473 2152 1564 2187 eas
1595 2142 1714 2187 tum

223 2228 547 2301 Descendit,
582 2250 757 2307 prope
788 2242 850 2286 ut
876 2231 1007 2287 hinc
1032 2229 1129 2287 teli
1147 2230 1500 2288 ‘determinet‘
1520 2230 1704 2287 ictus?

222 2329 288 2383 In
316 2325 468 2384 mare
503 2349 611 2406 qua
631 2350 803 2407 porro
835 2330 1008 2386 mittit
1036 2330 1284 2402 ratione?
1311 2329 1444 2408 quid
1472 2330 1644 2387 undas

222 2427 451 2504 Arguit,
484 2440 538 2484 et
568 2427 835 2506 liquidam
865 2428 1070 2486 molem
1103 2451 1438 2508 camposque
1466 2429 1758 2487 natantes?

298 2527 599 2602 Praeterea,
631 2529 676 2584 si
707 2527 828 2586 vult
852 2550 1138 2587 caveamus
1171 2529 1415 2587 fulminis
1452 2531 1654 2603 ictum,
1752 2575 1754 2577 -

167 2620 170 2623 ⁴
223 2625 339 2680 Cur
369 2625 585 2685 dubitat
620 2627 799 2687 facere
830 2642 893 2687 ut
926 2625 1198 2709 possimus
1229 2651 1454 2705 cernere
1484 2632 1713 2687 missum
1731 2629 1764 2684 P·

225 2723 284 2780 Si
311 2728 698 2804 necopinantes
729 2742 912 2787 autem
946 2730 1069 2787 vult
1098 2732 1411 2809 opprimere
1447 2731 1587 2808 igni,
1829 2715 1832 2718 ‚

226 2824 342 2879 Cur
376 2836 532 2883 tonat
557 2849 623 2885 ex
651 2828 745 2886 illa
776 2843 962 2910 parte,
990 2843 1055 2888 ut
1086 2832 1258 2888 vitare
1291 2830 1589 2908 queamus?

224 2924 339 2980 Cur
367 2926 619 2986 tenebras
647 2943 774 2987 ante
805 2943 861 2987 et
892 2931 1231 2989 fremituset
1260 2950 1545 2987 murmura
1574 2928 1797 2986 concit?

260 3089 263 3091 ,
305 3026 376 3080 Et
406 3025 567 3083 simul
599 3029 656 3084 in
681 3030 878 3088 multas
906 3044 1088 3111 partes
1115 3034 1212 3110 qui
1245 3030 1466 3088 credere
1496 3031 1670 3108 possis

223 3122 480 3182 Mittere?
513 3148 583 3183 an
613 3128 718 3185 hoc
745 3133 889 3189 ausis
924 3154 1209 3211 nunquam
1237 3131 1569 3190 contendere
1602 3130 1832 3201 factum,

225 3222 302 3277 Ut
334 3223 527 3282 fierent
562 3227 699 3283 ictus
731 3249 844 3287 uno
874 3233 976 3289 sub
1005 3245 1254 3311 tempore
1284 3231 1503 3309 plures?
