2300 3926
0 2051 10 2059 ;
0 1971 9 2037 .--„;
0 1943 8 1964 a<
0 1556 10 1937 ›agea—,e-—ss-mmm--
0 1514 3 1549 ,-
0 1491 3 1507 v„
0 1430 2 1483 ἡὴ
0 1414 1 1419 Α
0 1399 1 1402 Α
0 1329 2 1334 ,
0 1299 3 1311 ,

193 314 243 364 (V·
265 315 375 363 771.)
605 315 686 358 DE
720 311 942 357 RERUM
976 311 1227 356 NATURA
1263 313 1374 357 LIB.
1413 314 1496 357 111.
1811 308 1896 355 105

194 417 527 475 Confirmata
545 458 560 484 ‚
594 416 840 490 cupitum
871 415 1042 469 aetatis
1072 426 1295 491 tangere
1328 416 1521 472 ssorem

194 518 291 572 Vis
321 517 511 586 animi,
546 514 650 569 nisi
671 513 775 568 erit
796 533 1020 568 consors
1053 514 1110 568 in
1137 515 1348 591 origine
1382 514 1598 591 prima?

182 614 415 689 Quidve
439 614 581 670 foras
611 612 712 668 sibi
744 610 866 668 vult
890 613 1148 668 membris
1169 614 1312 668 exire
1344 612 1610 669 senectis?

200 717 287 772 An
314 714 505 770 metuit
531 710 786 791 conclusa
813 731 1031 768 manere
1059 713 1116 768 in
1143 702 1375 789 corpore
1401 713 1588 788 putri,

199 817 269 870 Et
295 813 487 869 domus
513 810 682 866 aetatis
711 811 887 887 spatio
917 831 986 866 ne
1009 810 1146 867 fessa
1172 822 1386 866 vetusto
1417 880 1419 883 .

200 910 446 970 Obruat?
473 922 530 967 at
564 931 676 966 non
706 921 834 965 sunt
863 909 1163 966 immortali
1184 907 1312 965 ulla
1339 908 1557 987 pericla.
1629 953 1633 973 2

276 1010 524 1086 Denique
540 1052 555 1081 ‚
586 1009 860 1069 connubia
887 1009 955 1065 ad
982 1010 1213 1066 Veneris
1239 1021 1540 1086 partusque
1572 1007 1812 1063 ferarum

198 1111 327 1166 Esse
358 1109 566 1164 animas
595 1120 819 1185 praesto,
853 1107 1216 1164 deridiculum
1243 1113 1357 1164 esse
1386 1102 1632 1177 videtur3

199 1211 268 1264 Et
291 1219 531 1284 spectare
558 1206 889 1264 immortales
914 1206 1168 1263 mortalia
1193 1207 1438 1263 membra

199 1308 496 1362 Innumero
527 1327 758 1362 numero
777 1350 793 1377 ‚
824 1318 1140 1383 certareque
1167 1318 1639 1384 praeproperanter

202 1406 354 1461 Inter
386 1426 471 1477 se,
498 1425 618 1481 quae
647 1406 826 1481 prima
856 1407 1246 1482 potissimaque
1278 1406 1586 1461 insinuetur
1618 1427 1629 1459 ε

188 1493 262 1559 'Si
292 1523 406 1559 non
435 1503 576 1559 forte
607 1504 683 1559 ita
714 1516 842 1559 sunt
869 1505 1176 1574 animarum
1205 1503 1404 1560 foedera
1429 1514 1588 1579 pacta
1607 1546 1621 1573 ‚

203 1605 312 1673 Ut,
342 1623 460 1679 quae
491 1603 668 1680 prima
696 1601 887 1657 volans
918 1601 1231 1679 advenerit,
1259 1602 1567 1656 insinuetur
1640 1612 1666 1654 s

204 1702 416 1769 Prima,
447 1722 624 1777 neque
656 1702 801 1755 inter
831 1721 887 1756 se
916 1690 1253 1756 'contendant
1283 1700 1490 1755 viribus
1519 1698 1710 1754 hilum.

284 1800 565 1876 Denique,
595 1798 652 1865 in
677 1800 876 1855 aethere
907 1820 1020 1855 non
1049 1799 1237 1871 arbor,
1272 1820 1383 1854 non
1407 1819 1639 1875 ,aequore
1664 1799 1721 1852 in
1753 1797 1863 1853 alto

206 1900 394 1958 Nubes
424 1920 536 1957 esse
567 1910 804 1976 queunt,
836 1914 937 1956 nec
966 1901 1142 1977 pisces
1162 1900 1346 1956 vivere
1377 1901 1434 1955 in
1466 1900 1608 1955 arvis
1627 1943 1641 1971 ,

206 2000 324 2058 Nec
355 2021 518 2056 cruor
549 2001 608 2056 in
641 1999 833 2078 lignis,
862 2020 963 2056 nec
994 2001 1135 2057 saxis
1162 2021 1354 2057 succus
1386 2002 1558 2056 inesse
1591 2021 1603 2055 :

210 2103 437 2158 Certum
464 2120 527 2156 ac
557 2100 880 2176 dispositum
907 2111 988 2156 est
1005 2143 1026 2172 ‚v
1048 2100 1142 2155 ubi
1165 2099 1438 2179 quidquid
1463 2111 1671 2155 crescat
1697 2110 1749 2154 et
1777 2098 1919 2153 insit.

211 2199 300 2255 Sic
334 2199 500 2255 animi
533 2211 728 2255 natura
759 2200 951 2275 nequit
986 2200 1101 2255 sine
1138 2219 1368 2275 corpore
1403 2198 1567 2268 oriri,

212 2297 340 2354 Sola
368 2319 545 2375 neque
577 2318 609 2354 a
639 2299 817 2353 nervis
849 2308 904 2353 et
936 2299 1201 2375 sanguine
1233 2295 1450 2374 longius
1483 2317 1598 2352 esse
1627 2317 1639 2351 ε

212 2400 331 2454 Hoc
358 2399 403 2454 si
427 2408 608 2474 posset
637 2398 813 2470 enim,
838 2396 1014 2454 multo
1045 2398 1199 2474 prius
1225 2398 1342 2473 ipsa
1369 2397 1538 2452 animi
1567 2398 1648 2451 vis

212 2497 279 2552 In
308 2498 518 2574 capite,
549 2509 646 2553 aut
671 2497 942 2568 humeris,
975 2509 1070 2553 aut
1094 2497 1218 2552 imis
1244 2495 1482 2553 calcibus
1509 2516 1623 2552 esse

214 2597 431 2669 Posset,
461 2607 514 2652 et
542 2596 753 2652 innasci
780 2597 974 2673 quavis-
998 2597 1053 2651 in
1081 2608 1237 2672 parte
1263 2595 1491 2666 soleret3

216 2695 456 2752 Tandem
479 2696 537 2751 in
559 2695 751 2752 eodem
773 2696 1020 2767 homine,
1042 2707 1206 2773 atque
1230 2696 1287 2751 in
1312 2695 1502 2752 eodem
1524 2714 1647 2750 vase
1669 2705 1927 2749 maneret.

218 2793 386 2866 Quod
401 2795 660 2870 quoniam
681 2797 739 2852 in
760 2807 947 2852 nostro
963 2815 1183 2873 quoque
1207 2806 1422 2851 constat
1444 2814 1675 2869 corpore
1696 2803 1930 2862 certum,

210 2891 675 2972 2Dispositumqtie†
696 2894 937 2969 videtur,
968 2895 1066 2952 ubi,
1092 2915 1208 2952 esse
1237 2905 1293 2950 et
1324 2914 1566 2949 crescere
1593 2892 1762 2969 possit

224 2990 478 3046 Seorsum
505 2994 685 3049 anima
717 3006 882 3072 atque
911 2996 1159 3066 animus3
1192 3004 1346 3049 tanto
1376 2992 1545 3068 magis
1575 2988 1931 3045 inficiandum

222 3090 425 3154 Totum
452 3110 607 3166 posse
638 3104 789 3150 extra
817 3115 1016 3171 corpus
1044 3093 1243 3150 durare
1272 3092 1523 3170 genique.

225 3186 413 3258 Quare
431 3230 446 3260 ,
475 3209 674 3266 corpus
706 3192 800 3247 ubi
830 3193 1073 3263 interiit,
1103 3192 1324 3270 periisse
1359 3209 1574 3245 necesse
1600 3198 1678 3244 est

227 3286 528 3344 Confiteare
559 3290 795 3345 animam
815 3333 828 3360 ,
866 3291 1178 3348 distractam
1208 3292 1262 3346 in
1296 3309 1523 3365 corpore
1552 3299 1681 3343 tot0.
