2320 3866
406 259 495 305 306
1011 255 1491 302 ADNOTATIONES

403 369 493 417 gua
516 362 584 400 est
605 351 736 400 finita
764 350 1007 407 dentibus,
1041 365 1095 395 ea
1123 365 1286 396 vocem
1307 350 1609 396 immoderate
1636 350 1876 410 prosusam
1903 349 2038 412 fingit
2059 362 2105 397 et
2148 382 2151 385 s

402 430 619 476 terminat
640 441 876 487 sonosque
904 425 1032 471 vocis
1054 425 1295 471 distinctos
1319 435 1366 472 et
1391 442 1575 487 pressos
1597 424 1739 472 efficit
1754 461 1769 485 ,
1796 443 1942 487 quum
1977 435 2024 472 et
2046 426 2106 471 ad

404 507 564 553 dentes
588 514 632 552 et
655 504 715 550 ad
734 502 845 549 alias
863 510 1020 563 partes
1044 501 1176 561 pellit
1191 502 1301 547 oris.
1322 504 1487 564 Itaque
1508 502 1673 563 plectri
1695 502 1887 548 similem
1901 502 2106 564 linguam

403 583 551 629 nostri
573 583 721 630 solent
737 580 891 628 dicere
905 613 919 637 ,
943 578 1224 624 chordarum
1247 579 1430 637 dentes,
1445 595 1578 626 nares
1600 579 1822 625 cornibus
1842 579 1898 624 iis
1921 595 2025 639 quae
2048 579 2107 623 ad

403 675 572 705 nervos
594 666 814 709 resonant
836 657 886 702 in
918 656 1144 703 cantibus.
1170 675 1190 697 n

470 733 532 798 (v.
558 733 685 803 555.)
710 736 879 782 Sensus
903 741 970 779 est
997 749 1008 776 ε
1034 732 1218 794 Lingua
1242 731 1452 791 mobilis,
1474 733 1728 779 verborum
1747 732 1898 793 perita
1931 731 2109 776 forma—

404 812 523 870 trix,
548 812 808 858 articulatas
837 810 947 856 facit
980 825 1133 855 voces.
1170 811 1242 855 De
1270 825 1387 855 voce
1419 811 1638 855 doedalus
1673 810 1731 855 cf.
1766 825 1870 871 quae
1907 816 2108 853 annota-

405 889 555 934 vimus
578 888 638 934 ad
658 904 678 934 1
694 922 708 945 ,
734 903 779 945 7.

470 966 683 1026 Imagine
703 965 837 1011 verbi
853 962 915 1027 (v.
942 961 1076 1027 575).
1100 962 1319 1009 Similiter
1340 963 1588 1025 Virgilius,
1614 963 1776 1024 Georg.
1791 999 1804 1022 ‚
1827 979 1891 1020 ιν,
1917 961 1976 1007 50
2002 979 2012 1006 ε

581 1095 885 1108 .........
908 1068 991 1106 Aut
1007 1065 1078 1106 ubi
1098 1078 1269 1106 concava
1282 1065 1399 1119 pulsu

581 1137 683 1175 Saxa
704 1142 867 1184 sonant,
891 1133 1075 1187 vocisque
1097 1132 1246 1174 offensa
1264 1133 1427 1173 resultat
1446 1131 1587 1186 imago.

407 1233 466 1278 Et
487 1231 735 1288 Horatius,
768 1232 855 1277 od.
880 1247 929 1289 1,
960 1245 1044 1288 12,
1075 1229 1102 1273 3
1130 1247 1140 1273 z

814 1364 824 1374 .
844 1365 854 1374 .
874 1365 884 1374 .
903 1364 914 1375 .
927 1334 1047 1387 Cujus
1065 1332 1216 1375 recinet
1227 1334 1359 1387 jocosa

984 1404 1142 1443 Nomen
1162 1403 1315 1456 imago?

473 1520 663 1578 Referre
677 1516 739 1581 (v.
759 1516 850 1565 583
860 1516 892 1581 ).
908 1518 1091 1564 Wakef.
1105 1553 1118 1575 ‚
1134 1533 1240 1564 cum
1263 1517 1479 1563 omnibus
1494 1518 1591 1564 fere
1611 1517 1756 1576 libris,
1772 1516 1920 1563 edidit
1934 1517 2119 1577 referri,

408 1605 462 1641 ut
491 1595 613 1641 ordo
644 1594 702 1639 sit
726 1611 737 1638 :
762 1595 834 1639 Ita
861 1595 1024 1652 colles,
1046 1596 1336 1654 repulsantes
1367 1594 1492 1640 dicta
1512 1595 1657 1649 verba
1671 1630 1685 1653 ,
1711 1594 1942 1640 iterabant
1962 1594 2125 1639 referri

410 1670 465 1734 (i.
493 1688 532 1717 e.
557 1678 663 1720 ὥστε
685 1670 876 1728 referri,
901 1670 968 1715 ita
988 1679 1043 1714 ut
1063 1668 1366 1733 referrentur)
1391 1671 1601 1716 collibus.

475 1749 743 1791 Humanum
760 1761 906 1806 genus
930 1755 1001 1790 est
1020 1747 1207 1791 avidum
1230 1747 1366 1790 nimis
1389 1748 1700 1792 auricularum
1715 1745 1779 1809 (v.
1798 1745 1935 1811 598).
1958 1749 2127 1794 Sensus

410 1831 478 1868 est
502 1840 513 1868 :
537 1824 709 1869 Omnes
730 1821 942 1867 homines
956 1837 1032 1867 res
1052 1837 1199 1868 novas
1213 1855 1227 1879 ,
1250 1821 1474 1882 imprimis
1495 1821 1792 1868 miraculosas
1807 1831 1854 1868 et
1873 1831 2125 1883 portento-—

386 1891 390 1894 ’
411 1914 503 1956 sas,
534 1899 695 1944 audire
724 1897 919 1958 cupiunt
941 1905 988 1942 et
1011 1897 1228 1959 gaudent.

477 1976 760 2028 Plusculum,
787 1981 874 2019 etc.
897 1970 960 2036 (v.
986 1970 1114 2034 620).
1130 1975 1241 2019 Non
1262 1983 1356 2019 tam
1379 1974 1511 2019 facile
1528 1975 1749 2036 explicari
1768 1983 1965 2036 possunt
1988 1990 2127 2036 quam

413 2065 517 2110 quae
549 2059 655 2095 sunt
675 2050 901 2094 hactenus
932 2048 1180 2112 disputata.

479 2115 540 2179 (v.
566 2111 698 2176 626.)
719 2115 851 2158 Hanc
877 2113 1174 2173 opinionem,
1199 2124 1253 2160 ut
1279 2117 1446 2161 multas
1471 2116 1602 2174 alias,
1627 2131 1654 2161 a
1674 2117 1946 2162 Democrito
1970 2117 2132 2165 sumsit

411 2192 667 2252 Epicurus;
714 2190 790 2235 ille
830 2190 953 2236 enim
995 2191 1185 2253 singulis
1218 2192 1464 2252 saporibus
1506 2208 1636 2238 suam
1675 2192 1873 2255 figuram
1911 2194 2078 2242 tribuit
2117 2212 2127 2240 :

414 2275 657 2332 Δημόκριτος
678 2269 727 2315 δὲ
752 2278 893 2330 σχῆμα
919 2273 1127 2330 περιτιθεὶς
1151 2276 1331 2332 ἑκάστῳ,
1356 2272 1498 2333 γλυκὺν)
1525 2276 1595 2333 μὲν
1624 2277 1690 2319 τὸν
1716 2278 1950 2335 στρογγύλον
1982 2277 2053 2321 καὶ
2074 2279 2131 2320 εὐ-

416 2352 560 2408 μεγέθη
588 2351 706 2392 ποιεῖ’
736 2350 921 2406 στρυφνὸν
949 2346 998 2392 δὲ
1028 2351 1093 2393 τὸν
1119 2352 1611 2409 μεγαλόσχημον,τραχύν
1636 2369 1681 2395 τε
1704 2352 1774 2396 καὶ
1799 2354 2036 2411 πολυγώνων
2060 2354 2129 2396 καὶ

416 2428 684 2483 ἀπεριφερῆ’...
707 2421 847 2482 δριμὺν
867 2422 916 2466 δὲ
938 2426 1003 2467 τὸν
1031 2433 1217 2484 περιφερῆ
1241 2428 1310 2470 καὶ
1331 2429 1475 2471 λεπτὸν
1496 2429 1566 2472 καὶ
1579 2427 1789 2487 γωνιοειδῆ
1813 2430 1882 2473 καὶ
1906 2432 2127 2487 καμπύλον·

417 2503 586 2560 ἁλμυρὸν
616 2498 754 2544 δὲ’τὸν
781 2498 992 2558 γωνιοειὸἦ
1015 2501 1084 2544 καὶ
1113 2505 1264 2545 σκολιὸν
1295 2504 1365 2546 καὶ
1397 2506 1575 2552 ἶσοκελῆ·
1602 2507 1738 2564 πικρὸν
1769 2503 1819 2548 δὲ
1851 2507 1917 2549 τὸν
1942 2514 2127 2564 περιφερῆ

416 2578 486 2620 καὶ
510 2580 610 2620 λεῖον
636 2579 785 2633 ἔχοντα·
804 2578 1070 2630 σκολιότητα,
1095 2580 1256 2636 μέγεθος
1278 2576 1327 2622 δὲ
1359 2582 1508 2638 μικρόν·
1525 2583 1689 2639 λιπαρὸν
1717 2577 1766 2623 θὲ
1796 2582 1861 2624 τὸν
1890 2584 2033 2625 λεπτὸν
2059 2583 2128 2625 καὶ

418 2655 652 2711 στρογγύλον
677 2653 746 2696 καὶ
777 2655 925 2711 μικρόν.
947 2648 1309 2706 ΤΠΕοΡιῐιιΑετ.,
1336 2651 1395 2693 de
1419 2650 1554 2694 Caus.
1576 2652 1737 2695 Plant.
1751 2684 1767 2706 ,
1798 2665 1873 2709 Ἦ,
1910 2667 1929 2695 1
1944 2687 1957 2709 ,
1990 2650 2032 2697 5.

480 2725 675 2783 Linguoe
712 2724 931 2770 sudantia
957 2727 1132 2785 templa
1171 2724 1239 2788 (v.
1284 2722 1419 2787 628).
1460 2745 1479 2767 «
1508 2726 1626 2771 Satis
1659 2726 1814 2771 audax
1852 2728 2125 2788 metaphora

417 2798 569 2843 videri
585 2798 726 2858 queat
744 2803 972 2859 'templum
992 2801 1164 2862 linguoe
1185 2816 1275 2861 pro
1290 2802 1447 2861 palato
1459 2819 1472 2859 3
1496 2801 1578 2847 sed
1599 2803 1747 2848 omnis
1762 2805 1893 2849 locus
1915 2813 2129 2849 extensus

420 2882 465 2918 et
488 2883 651 2934 patens
673 2875 722 2919 in
742 2876 891 2921 veteri
912 2877 1047 2922 Latio
1065 2881 1283 2938 templum
1307 2877 1562 2923 dicebatur.
1586 2879 1768 2925 Deinde
1785 2889 1830 2930 τὸ
1853 2881 2025 2946 ὓπερῶον
2046 2896 2127 2926 seu

419 2960 603 3015 ὑπερῶα,
646 2967 739 3012 qua
771 2968 889 2998 voce
930 2955 1077 2999 Graeci
1104 2956 1312 3014 palatum
1342 2953 1627 3016 significant,
1661 2966 1716 3001 ut
1754 2966 1810 3004 et¹
1829 2965 2004 3023 ρύρανὸς,
2030 2972 2127 3003 non

416 3027 609 3072 minoris
643 3029 845 3074 audaciae
872 3030 1024 3077 videri
1060 3031 1254 3087 debent,
1279 3047 1562 3093 quamquam
1594 3048 1692 3078 non
1729 3034 1862 3079 aliter
1886 3034 2123 3095 pedestres

419 3103 668 3163 scriptores
696 3106 1028 3167 loquebantur.
1050 3127 1070 3149 »
1096 3109 1271 3163 Fiam.
1305 3108 1373 3153 Cf.
1396 3108 1457 3153 ad
1476 3125 1519 3165 1,
1553 3124 1657 3154 121.
2052 3101 2056 3105 ⁵

486 3183 543 3225 V.
569 3181 664 3236 640
686 3182 870 3228 Nonius
892 3183 1023 3241 citat,
1056 3200 1121 3243 11,
1145 3200 1253 3243 207,
1287 3200 1546 3246 vocemque
1577 3186 1803 3232 rariorem
1825 3186 2125 3246 dff’ritatem

423 3269 504 3314 per
526 3256 843 3315 dfffhrentiam
869 3259 1213 3321 interpretatur.
