2340 3926
255 251 439 302 (v.350.)
680 251 758 294 nn
794 248 1015 295 RERUM
1048 248 1298 293 NATURA
1332 251 1444 294 ΠΒ.
1481 253 1514 294 1.
1870 240 1874 244 ’
1901 252 1951 294 13

250 353 516 430 Liquidus
543 353 757 422 humor,
785 362 838 405 et
864 350 1121 405 uberibus
1148 350 1280 406 ssent
1307 353 1489 408 omnia
1522 352 1691 429 guttis
1728 371 1740 405 ε

248 453 507 530 Dissupat
540 452 596 506 in
631 469 828 526 corpus
863 467 976 505 sese
1010 444 1162 506 cibus
1194 470 1354 506 omne
1387 451 1769 506 animantum:

246 553 510 608 Crescunt
536 549 756 605 arbusta
784 548 1023 605 etxfoetus
1056 549 1113 604 in
1145 562 1395 627 tempore
1421 548 1695 621 fundunt3

216 634 407 722 'Quod
436 649 586 704 cibus
619 649 677 704 in
707 659 851 704 totas
876 669 1049 725 usque
1082 649 1148 704 ab
1178 648 1449 705 radicibus
1478 651 1602 705 imis

241 751 344 804 Per
368 760 588 803 truncos
605 789 621 819 ,
649 767 712 803 ac
738 767 836 824 per
861 768 1042 803 ramos
1075 747 1402 803 diffunditur
1431 767 1620 804 omnes
1653 769 1666 803 ε

237 851 385 903 Inter
411 859 564 924 septa
589 859 774 907 meant
800 867 980 919 voceS‚
1014 859 1068 902 et
1094 845 1274 901 clausa
1307 846 1598 902 domorum

234 945 637 1002 Transvolitant
666 966 679 1001 ε
706 946 949 1023 rigidum
976 957 1259 1022 permanat
1285 945 1457 1022 frigus
1484 945 1554 1002 ad
1581 966 1738 1004 ossa..

231 1044 418 1117 Quod,
447 1046 552 1102 nisi
580 1045 763 1101 inania
796 1046 928 1116 sint,
954 1065 1063 1122 qua
1085 1057 1307 1121 possent
1332 1066 1565 1122 corpora
1590 1066 1818 1123 quaeque

228 1146 510 1217 Transire,
543 1140 692 1200 haud
725 1144 836 1200 ull'a
866 1144 981 1200 fieri
1013 1146 1225 1201 ratione
1257 1144 1485 1202 videres,

304 1246 556 1322 Denique
581 1266 680 1301 cur
705 1244 838 1301 alias
870 1244 989 1301 aliis
1016 1258 1272 1322 praestare
1299 1246 1548 1302 videmus

202 1345 471 1401 ‘Pondere
498 1366 585 1401 res
614 1345 803 1416 rebuS‚
838 1343 1012 1400 nihilo
1045 1346 1250 1420 majore
1278 1345 1488 1422 figura?

222 1448 395 1515 Nam,
426 1446 471 1501 si
498 1444 837 1501 tantumdem
867 1457 949 1500 est
975 1446 1032 1499 in
1059 1442 1196 1499 lanae
1228 1444 1465 1520 glomere
1500 1457 1763 1521 quantum

222 1546 479 1621 Corporis
509 1546 567 1600 in
595 1544 822 1621 plumbo
856 1556 968 1613 est,
996 1543 1339 1598 tantumdem
1368 1543 1608 1619 pondere
1637 1565 1736 1620 par
1764 1558 1846 1600 est
1876 1567 1888 1600 z

218 1646 478 1720 Corporis
505 1643 746 1699 officium
773 1655 865 1698 est
884 1642 1141 1718 quoniam
1170 1662 1416 1717 premere
1444 1643 1625 1698 omnia
1653 1642 1930 1715 deorsum,

215 1746 421 1801 Contra
453 1755 637 1799 autem
670 1755 866 1798 natura
900 1753 1084 1796 manet
1119 1742 1234 1796 sine
1261 1740 1502 1817 pondere
1528 1743 1722 1799 inanis.

212 1846 357 1920 Ergo
388 1843 536 1919 quod
566 1863 828 1920 magnum
859 1853 938 1897 est
970 1862 1122 1917 aeque
1156 1839 1437 1918 leviusque
1462 1842 1697 1916 videtur,

213 1943 488 2000 Nimirum
514 1941 637 2019 plus
666 1963 781 1999 esse
810 1941 911 1998 sibi
938 1940 1178 1997 declarat
1212 1942 1387 1998 inanis
1416 1962 1430 1997 ε

210 2043 283 2098 At
311 2036 502 2098 contra
533 2043 751 2120 gravius
785 2041 908 2119 plus
941 2043 998 2096 in
1032 2063 1088 2097 se
1117 2042 1359 2118 corporis
1393 2062 1508 2097 esse

209 2139 436 2196 Dedicat
457 2184 472 2211 ‚
503 2152 557 2196 et
588 2140 762 2196 multo
794 2142 956 2196 vacui*
982 2142 1164 2196 minus
1199 2142 1345 2204 intus
1376 2142 1594 2197 habere.

206 2242 303 2294 Est
332 2241 498 2316 igitur
524 2240 808 2309 nimirum,
844 2239 901 2293 id
938 2239 1084 2314 quod
1114 2241 1325 2294 ratione
1354 2240 1531 2315 sagaci

204 2339 514 2413 Quaerimus
524 2381 539 2410 ‚
567 2337 863 2419 admistum
895 2338 1059 2394 rebus
1090 2337 1238 2413 quod
1267 2339 1426 2393 inane
1453 2350 1723 2395 vocamus.

279 2435 425 2492 Illud
453 2438 510 2492 in
542 2438 627 2493 his
654 2438 842 2510 rebus,
873 2457 942 2493 ne
969 2449 1022 2492 te
1058 2436 1323 2492 deducere
1349 2457 1480 2493 vero

202 2537 401 2609 Possit,
437 2537 586 2613 quod
617 2537 839 2614 quidam
868 2536 1082 2614 fingunt
1100 2581 1114 2610 ‚
1146 2533 1476 2614 praecurrere
1504 2558 1684 2616 cogor.

201 2635 405 2692 Cedere
438 2638 852 2716 squammigeris
877 2635 1390 2699 laticesnitentibus
1423 2638 1609 2712 aiunt,

198 2737 268 2791 Et
295 2735 524 2813 liquidas
552 2738 762 2816 aperire
787 2740 902 2794 vias
927 2759 942 2809 3
976 2739 1106 2815 quia
1131 2751 1254 2815 post
1280 2737 1396 2794 loca
1426 2739 1599 2814 pisces

197 2835 496 2911 Linquant‚
524 2859 634 2914 quo
660 2838 871 2915 possint
898 2837 1149 2894 cedentes
1177 2837 1450 2893 confluere
1478 2837 1665 2894 undae:

198 2934 285 2989 Sic
311 2932 441 2990 alias
468 2956 684 3013 quoque
708 2959 795 2994 res
823 2939 967 2994 inter
1000 2959 1054 2994 se
1090 2958 1244 3015 posse
1270 2938 1500 3008 moveri,

196 3035 265 3088 Et
295 3045 507 3089 mutare
532 3033 736 3107 locum,
766 3039 1011 3114 quamvis
1040 3039 1148 3094 sint
1175 3038 1358 3092 omnia
1391 3035 1565 3112 plena.

212 3127 215 3130 ’
273 3130 490 3188 Scilicet
520 3133 575 3188 id
603 3134 734 3191 falsa
758 3149 938 3193 totum
970 3139 1181 3194 ratione
1213 3147 1492 3212 receptum
1523 3148 1619 3192 est.

192 3233 335 3293 Nam
368 3252 478 3307 quo
508 3234 891 3310 squammigeri
917 3248 1176 3311 poterunt
1203 3235 1492 3311 procedere
1522 3234 1765 3310 tandem,
