2320 3866
898 269 964 315 IN
1003 269 1382 315 LUCRETIUM.
1908 259 1993 317 3'01

284 377 523 415 externam
548 365 861 428 superficiem,
897 363 974 408 vel
1011 371 1141 408 extra
1169 361 1373 426 versus),
1411 363 1686 411 scinduntur
1720 379 1806 424 per
1849 365 1999 410 inter-

284 443 478 490 flexum.
502 463 524 486 ι»

353 521 472 565 Esse
499 534 655 564 eorum
676 514 737 581 (v.
761 512 859 577 99).
883 524 938 565 Τὸ
964 513 1085 575 εἶναι’,
1117 526 1143 571 ἦ
1176 525 1305 566 οὐσία.

352 593 414 660 (v.
443 596 567 659 102.)
589 594 712 640 Vide
734 608 838 653 quae
860 608 1003 653 supra
1025 593 1086 638 ad
1107 609 1152 638 v.
1177 594 1239 648 64
1265 593 1478 639 diximus.

352 669 416 735 (v.
446 668 571 735 111.)
602 676 666 719 Τὰ
694 671 845 718 εἴδωλα.
866 678 956 725 ταῖς
979 676 1219 721 λεπτότησιν
1251 676 1560 734 ἀνυπερβλήτοις
1590 677 1795 732 κέχρηται·
1821 671 1851 732 ᾧ
1884 675 2001 732 μηθὲν

287 754 570 813 ἀντιμαρτυρεῖ
595 757 672 795 τῶν
703 753 961 810 φαινομένων.
986 740 1255 803 Emcunus,
1277 746 1429 805 Epist.
1452 747 1522 789 ad
1541 747 1714 790 Herod.
1725 779 1741 801 ,
1768 750 1791 803 5
1819 752 1894 803 47.

352 825 498 870 Nulla
523 823 579 867 vi
582 821 853 881 ,cassaque
872 837 1009 866 sensu
1038 819 1101 884 (v.
1131 817 1255 883 127).
1280 823 1351 865 «1.
1378 836 1417 865 e.
1444 828 1547 881 quae
1573 821 1740 869 vitam
1763 820 1909 866 debili
1941 820 2008 864 fe—

285 908 479 958 runtur,
499 907 554 944 ut
577 912 750 959 organa
771 914 985 956 movere,
1009 911 1288 957 sensumque
1311 896 1516 942 excitare
1537 913 1636 942 non
1668 898 1861 958 possint.
1886 918 1906 939 »

1691 974 1904 1018 Cnssncn.

350 1053 522 1097 Versus
550 1051 640 1097 128
673 1059 720 1095 et
748 1065 838 1111 129
863 1050 946 1111 qui
967 1049 1018 1094 in
1039 1050 1170 1095 nullo
1195 1048 1293 1095 fere
1314 1048 1438 1095 libro
1460 1050 1704 1112 leguntur,
1728 1059 1774 1096 et
1796 1050 1939 1109 infra,
1963 1067 2005 1095 v.

287 1126 376 1185 175
401 1136 447 1172 et
466 1127 580 1185 176,
593 1136 873 1188 repetuntur
891 1127 953 1173 ad
968 1127 1219 1185 verbum,
1201 1143 1309 1186 Jure
1324 1143 1349 1173 a
1374 1115 1557 1174 Wakef.
1574 1127 1723 1188 spurii
1746 1137 2005 1173 censentur.

346 1202 409 1267 (v.
434 1205 539 1250 130.
544 1202 560 1267 )
578 1207 722 1250 «Post
745 1205 1010 1265 expositum
1021 1197 1293 1250 familiarem
1306 1204 1439 1250 illum
1451 1220 1504 1250 ac
1513 1205 1802 1266 praecipuum
1812 1206 2007 1251 modum

279 1279 590 1342 generatioms
612 1281 865 1342 imaginum
889 1297 1005 1342 quas
1029 1290 1276 1338 ἀποστάσεις
1298 1290 1345 1327 et
1357 1289 1571 1347 ἀπορῥοίας
1591 1291 1731 1327 vocat
1752 1281 2008 1342 Eplcurus,

281 1356 394 1417 quia
436 1354 556 1402 fiunt
592 1357 814 1403 continua
855 1358 1060 1419 quadam
1097 1358 1363 1419 direptione
1400 1358 1760 1419 avolationeque
1797 1358 2009 1403 tenuium

281 1432 419 1493 quasi
446 1433 874 1479 membranulamm
896 1435 957 1480 ab
982 1435 1165 1480 extimis
1188 1434 1496 1495 corporibus,
1522 1435 1724 1495 explicat
1758 1435 1888 1480 aliud
1920 1450 2005 1496 ge-

279 1524 369 1554 nus
401 1507 682 1570 imaginum,
721 1525 838 1571 quas
862 1519 1077 1568 συστάσεις
1110 1520 1252 1556 vocat
1286 1511 1542 1571 Epicurus,
1573 1511 1686 1572 quia
1722 1520 1831 1557 sunt
1874 1511 2009 1572 quasi

281 1585 496 1647 quaedam
507 1587 936 1648 coagmentationes
952 1596 1119 1648 sponte
1141 1603 1224 1633 sua
1237 1587 1288 1632 in
1308 1587 1466 1633 medio
1491 1602 1597 1632 aere
1618 1589 1737 1633 natae
1750 1624 1763 1647 ,
1786 1584 2010 1649 tanquam

278 1663 451 1723 nubes,
472 1679 628 1725 neque
651 1680 677 1709 e
698 1665 839 1710 rebus
853 1664 972 1725 ipsis
993 1679 1158 1710 revera
1177 1662 1438 1725 profluunt.
1451 1684 1477 1706 ι)
1501 1665 1713 1709 (ΣῑιΕΕοΗ.

345 1741 529 1786 Proeter
554 1738 617 1804 (v.
661 1738 785 1804 142).
809 1741 994 1788 Wakef.
1031 1741 1182 1787 edidit
1209 1752 1404 1803 propter
1434 1749 1481 1787 et
1502 1742 1662 1787 locum
1683 1741 1749 1788 sic
1773 1741 2009 1803 explicat.

279 1836 301 1858 ιι
322 1817 404 1865 Hae
425 1825 650 1862 montosae
670 1817 820 1863 nubes
856 1834 983 1864 nunc
1017 1818 1293 1879 praecedunt
1315 1820 1490 1902 solem,
1514 1834 1641 1864 nunc
1674 1818 1810 1878 juxta
1842 1819 2010 1864 subse-

280 1900 508 1953 quuntur.
531 1911 553 1934 »

346 1965 568 2034 (V.144.)
592 1969 630 2020 Ἠ
651 1980 804 2036 γένεσις
833 1985 911 2038 τῶν
936 1975 1155 2022 εἰδώλων’
1129 1996 1219 2038 αμα
1236 1996 1411 2038 νοημοιτι
1431 1980 1662 2038 ,συμβαίνεϊ
1686 1979 1756 2022 καὶ
1781 1979 1856 2037 ’γὰρ
1887 1980 2014 2037 ῥεῦσις

280 2053 364 2095 ἀπὸ
390 2058 462 2103 τῆς
478 2055 677 2112 σωμάτων
707 2058 898 2106 ἐπιπολῆς
920 2058 1084 2114 συνεχὴς
1107 2057 1382 2114 συμβαίνει,...
1407 2056 1592 2106 σώζουσα
1625 2057 1697 2103 τὴν
1726 2056 1793 2098 ἐπὶ
1826 2060 1896 2098 τοῦ
1924 2072 2015 2097 στε-

279 2130 437 2188 ρεμνίου
474 2131 580 2173 θέσιν
612 2131 683 2174 καὶ
715 2132 826 2183 τάξιν
857 2139 935 2176 τῶν
955 2135 1115 2191 ἀτόμων
1147 2133 1215 2176 ἐπὶ
1237 2133 1359 2175 πολὺν
1392 2133 1541 2190 χρόνον·
1560 2133 1593 2174 εἰ
1616 2131 1686 2175 καὶ
1710 2133 1833 2175 ἐνίοτε
1851 2148 2015 2189 συγχεο-

282 2207 380 2264 μένη
408 2207 593 2264 ὑπάρχει.
615 2202 886 2260 ΕΡΙοῑηωε,
913 2203 1070 2263 Epist.
1087 2203 1155 2246 ad
1178 2203 1348 2247 Herod.
1365 2235 1382 2257 ‚
1408 2206 1432 2258 5
1465 2202 1540 2261 48.

355 2275 532 2323 Celer...
558 2278 687 2339 origo
709 2275 772 2341 (v.
803 2275 926 2342 161).
949 2277 1240 2324 Terminatio
1264 2277 1608 2338 adJectivoruln
1638 2277 1785 2323 tertiae
1815 2277 1933 2322 decl.
1959 2275 2010 2320 in

281 2369 337 2398 er·
351 2352 481 2413 apud
504 2353 792 2415 antiquiores
805 2355 894 2400 fuit
910 2355 1094 2417 generis
1111 2355 1369 2401 communis
1382 2391 1396 2415 ,
1413 2371 1507 2416 qua
1524 2355 1583 2401 de
1598 2371 1650 2401 re
1673 2355 1731 2400 cf.
1743 2357 2010 2410 Pmscmn„

281 2444 341 2487 v,
366 2429 420 2487 3,
443 2437 492 2474 et
512 2445 610 2488 vn,
639 2446 658 2474 1
671 2446 712 2475 1.

351 2504 473 2551 Coeli
489 2521 710 2551 cavernas
733 2503 797 2571 (v.
828 2505 951 2571 172).
976 2507 1197 2553 Similiter
1219 2510 1374 2554 Varro
1406 2524 1417 2552 ε

517 2635 653 2676 Nubes
670 2636 827 2689 aquales
844 2635 987 2690 frigido
1011 2630 1098 2678 velo
1121 2638 1227 2678 leves

514 2705 610 2746 Coeli
631 2718 814 2746 cavernas
834 2719 968 2747 aureas
987 2706 1270 2747 subduxerant.

285 2823 345 2867 Et
366 2821 552 2881 Cicero,
575 2827 706 2870 Arat.
723 2858 737 2879 ‚
766 2830 857 2885 497
888 2842 899 2869 :

459 2945 613 2988 Dicitur
632 2956 672 2988 et
689 2949 766 2989 late
786 2949 873 2990 coeli
894 2950 1059 2990 lustrare
1083 2962 1285 2991 cavernas.

354 3067 515 3126 Longo
538 3075 590 3110 ut
615 3068 771 3125 spatio
792 3068 932 3113 brevis
965 3069 1082 3118 hot-a
1108 3078 1288 3114 teratur
1311 3056 1372 3132 (ν.
1406 3065 1530 3131 179).
1555 3070 1626 3113 Ita
1649 3077 1702 3112 ut
1726 3068 1999 3114 immensum

286 3142 379 3190 loci
401 3142 601 3204 spadum
622 3143 756 3189 brevi
778 3146 1002 3206 temporis
1025 3146 1176 3207 spatio
1206 3145 1503 3191 emetiantur.

351 3222 527 3267 Versus
555 3219 772 3267 181-183
795 3221 916 3268 infra
935 3224 1137 3270 redeunt
1159 3240 1202 3268 v.
1229 3238 1466 3284 907-909.

351 3299 540 3344 Protelo
562 3294 624 3362 (v.
656 3295 777 3362 191).
803 3298 925 3346 Vide
949 3301 1010 3346 ad
1036 3317 1106 3360 11,
1134 3301 1239 3350 531.
