2320 3866
870 273 938 316 IN
972 269 1351 316 LUCRETIUM.
1869 270 1960 318 285

257 382 312 418 ut
340 380 520 433 partes,
543 370 654 432 quia
668 375 825 430 partes
845 374 1067 425 separatae
1088 380 1187 409 non
1209 363 1435 422 sentiunt,
1458 379 1611 424 neque
1634 373 1688 411 ut
1708 373 1839 423 tota,
1853 367 1964 427 quia

258 448 351 494 hoc
386 448 532 494 modo
564 454 717 493 essent
753 441 966 504 quaedam
990 441 1230 498 animalia,
1256 457 1309 486 ac
1342 440 1452 486 ideo
1476 439 1713 498 mortalia,
1745 457 1825 487 seu
1852 457 1962 489 cor-

257 524 521 584 ruptibilia,
545 521 678 584 quod
706 519 976 576 adversatur
997 517 1335 578 suppositioni,
1353 526 1437 562 etc.
1452 537 1472 558 »
1497 517 1710 564 Cauca.

322 602 539 662 Namque
566 598 708 642 alium
739 591 801 657 (v.
824 591 961 662 910).
989 595 1140 640 Multa
1171 593 1230 638 de
1260 595 1352 639 hoc
1384 609 1523 638 versu
1545 593 1786 654 disputant
1812 592 1960 638 inter-

259 686 414 738 pretes
446 690 647 737 quorum
673 670 894 732 neglectis
926 670 1222 729 commentis,
1261 670 1400 717 codd.
1433 670 1759 717 auctoritatem
1791 684 1961 731 sequa-

256 769 386 811 mur,
413 751 498 813 qui
525 751 621 796 fere
648 762 807 793 omnes
829 762 936 791 eum
962 746 1027 792 sic
1050 746 1273 793 exhibent
1295 763 1307 790 t

427 868 605 920 Namque
624 863 719 904 alios
736 876 868 904 sensus
889 863 1157 903 membrorum
1178 861 1327 915 respuit
1343 861 1485 902 omnis.

327 976 430 1021 Una
473 971 536 1036 (v.
570 969 701 1035 917).
733 973 805 1016 De
835 985 953 1016 voce
990 985 1107 1014 unus
1143 969 1194 1017 in
1220 968 1393 1029 plurali
1420 968 1575 1029 posita
1602 966 1686 1032 (ut
1725 969 1848 1015 redit
1871 985 1961 1028 111,

253 1051 348 1097 616
358 1068 372 1109 ;
397 1065 449 1108 v,
481 1049 599 1110 896,
641 1045 749 1111 etc.)
784 1047 842 1092 cf.
870 1055 1041 1107 praeter
1074 1048 1276 1093 Waxnr.
1313 1045 1374 1091 ad
1397 1045 1482 1092 hos
1505 1047 1550 1095 ll.
1577 1042 1679 1109 (qui
1709 1046 1845 1091 affert
1869 1049 1962 1093 Jae-

248 1141 414 1188 gerum
452 1125 514 1171 ad
549 1126 764 1169 Mamert.
801 1132 937 1186 gratt.
984 1131 1071 1169 act.
1114 1122 1300 1169 Juliano
1345 1139 1397 1183 9,
1439 1126 1463 1181 5
1496 1119 1569 1185 4),
1611 1122 1797 1166 Rudim.
1833 1124 1951 1168 Inst.

253 1203 330 1247 Gr.
364 1218 384 1246 1
404 1236 418 1260 ,
441 1216 490 1262 p.
527 1201 615 1255 146
633 1236 647 1259 ,
667 1209 768 1246 not.
804 1201 859 1246 31
882 1235 894 1257 ,
920 1208 966 1244 et
988 1199 1072 1259 qui
1097 1198 1172 1244 hic
1205 1200 1468 1246 laudantur.

324 1279 519 1338 Volgum
543 1274 603 1340 (v.
634 1274 764 1340 920).
806 1276 894 1322 Hic
922 1275 982 1321 de
1016 1275 1127 1320 feris
1156 1284 1432 1337 usurpatum
1450 1310 1463 1333 ,
1493 1282 1547 1323 ut
1569 1273 1698 1336 Virg.
1716 1309 1729 1332 ,
1765 1276 1926 1336 Geor-g.
1943 1309 1959 1331 ‚

249 1369 306 1400 111
327 1389 341 1412 ,
380 1354 501 1415 469,
518 1353 578 1399 de
595 1353 786 1411 ovibus,
816 1361 864 1398 et
892 1352 1100 1407 AEneid.‚
1144 1367 1163 1396 1
1180 1387 1194 1409 ,
1227 1367 1340 1414 190,
1370 1351 1430 1398 de
1454 1350 1622 1410 cervis,
1646 1351 1818 1412 quibus
1848 1352 1964 1397 locis

248 1445 276 1476 a
297 1429 484 1476 Wakef.
509 1428 789 1490 comparatis
820 1427 942 1474 adde
972 1429 1157 1475 Senecae
1183 1430 1375 1490 Hzppol.
1388 1461 1404 1483 ,
1431 1426 1542 1489 957,
1565 1427 1650 1473 ubi
1673 1428 1732 1475 de
1747 1428 1965 1473 monstris

249 1506 440 1552 marinis
470 1506 655 1552 dicitur.

325 1583 461 1642 Quod
474 1582 692 1644 fugimus
714 1590 825 1627 ante
847 1578 910 1644 (v.
936 1579 1073 1644 925).
1102 1580 1339 1638 Lambin.,
1362 1580 1545 1635 Faber,
1563 1579 1735 1639 aliique
1747 1578 1962 1641 fugimus

249 1674 388 1704 sensu
421 1658 597 1705 forensi
625 1656 861 1718 accipiunt
895 1671 986 1716 pro
1013 1658 1294 1719 negavimus.
1319 1656 1503 1702 Wakef.
1536 1656 1659 1715 conj.
1691 1672 1781 1717 quo
1818 1665 1863 1701 et
1900 1657 1965 1702 sic

247 1734 584 1795 interpretatur
605 1751 654 1779 :a
668 1733 746 1779 Ad
768 1732 1031 1792 cujusmodi
1059 1741 1389 1795 argumentum
1412 1729 1574 1796 (supra
1594 1749 1640 1777 v.
1669 1730 1784 1797 870)
1800 1749 1890 1778 nos
1914 1733 1965 1778 in

245 1810 474 1873 effugium
498 1810 771 1871 recepimus.
799 1830 819 1852 »

314 1888 397 1932 Ea:
420 1902 514 1933 non
542 1886 744 1934 sensae'bu’
771 1902 933 1933 sensus
957 1885 1020 1951 (v.
1054 1884 1185 1950 929).
1217 1888 1252 1931 1.
1289 1903 1327 1932 e.
1356 1903 1414 1932 ex
1454 1885 1701 1947 principiis
1727 1886 1962 1933 insensili-

243 1964 333 2009 bus
357 1979 432 2010 res
461 1963 647 2009 sensiles
677 1963 899 2025 componi
923 1979 1072 2025 posse.

313 2037 376 2104 (v.
405 2038 536 2104 930.)
566 2040 616 2086 Si
642 2049 798 2086 tamen
831 2041 1000 2102 aliquis
1022 2041 1275 2101 subjiciat„
1295 2057 1434 2101 posse
1457 2041 1647 2102 quidem
1677 2055 1750 2086 res
1779 2039 1964 2086 sensiles

245 2131 305 2162 ex
334 2116 581 2176 principiis
609 2115 903 2163 insensilibus
944 2117 1088 2175 oriri,
1126 2117 1386 2166 mutatione
1418 2117 1573 2177 aliqua
1598 2115 1936 2160 interveniente
1949 2150 1963 2173 ,

245 2200 496 2253 antequam
523 2200 626 2238 tota
668 2201 714 2237 et
754 2193 962 2253 perfecta
994 2209 1068 2239 res
1104 2202 1240 2253 parta
1273 2192 1568 2253 producatur
1576 2208 1590 2250 3
1618 2192 1730 2236 huic
1774 2191 1963 2236 abunde

244 2267 519 2325 satisfaciam
533 2303 548 2326 ,
590 2267 634 2314 si
674 2268 970 2314 manifestum
1018 2268 1202 2326 fecero,
1237 2269 1414 2313 nullam
1452 2260 1552 2314 rem
1593 2266 1832 2330 generari,
1874 2265 1964 2311 nisi

243 2344 374 2404 prius
397 2352 564 2390 coeant
578 2344 836 2405 principia,
858 2360 946 2390 nec
974 2345 1154 2406 aliquid
1167 2343 1338 2390 mutari
1351 2360 1489 2405 posse
1506 2379 1519 2402 ,
1541 2343 1632 2388 nisi
1651 2342 1826 2388 semina
1841 2359 1960 2388 con-

244 2429 518 2483 gregentur,
545 2429 632 2466 etc.

312 2499 623 2559 Flammaque
651 2499 820 2543 creatis
851 2496 913 2562 (v.
942 2496 1072 2561 939).
1108 2497 1260 2544 Codd.
1302 2512 1463 2542 omnes
1499 2496 1722 2542 exhibent
1751 2506 1964 2559 terraque

243 2576 436 2630 creatis,
472 2574 606 2636 quod
651 2574 711 2620 de
746 2574 1008 2636 lapidibus,
1043 2573 1318 2632 arboribus,
1357 2573 1517 2620 herbis
1533 2609 1546 2632 ,
1586 2582 1696 2631 etc.,
1729 2589 1754 2618 e
1785 2574 1962 2636 gremio

246 2658 376 2696 terrae
405 2650 688 2711 procreatis,
720 2650 1088 2714 intelligendum.
1168 2702 1170 2707 .
1272 2701 1277 2705 ,

314 2727 484 2774 Cautus
504 2726 568 2793 (v.
585 2726 715 2793 950).
733 2731 842 2776 Vox
855 2729 1162 2788 Lucretiana,
1186 2743 1334 2789 poros
1363 2743 1447 2773 seu
1473 2736 1651 2773 meatus
1667 2727 1878 2788 corporis
1893 2728 1960 2773 si-
2030 2771 2035 2779 ,

246 2802 483 2866 gnificans.

324 2881 512 2926 Vincere
533 2880 596 2946 (v.
621 2882 757 2949 955).
785 2879 1034 2947 Eleganter
1063 2893 1110 2929 et
1143 2899 1251 2930 cum
1271 2882 1320 2927 vi
1344 2882 1622 2942 repetitum,
1644 2891 1699 2927 ut
1724 2881 1846 2927 infra
1866 2898 1928 2927 111
1944 2915 1960 2939 ,

253 2956 308 3002 13
323 2991 336 3014 ,
365 2973 509 3002 aurea
521 2973 552 3013 ;·
569 2958 629 3003 de
650 2976 745 3020 qua
775 2964 1057 3021 ἀναὸίπλωσι,
1082 2960 1139 3006 cf.
1163 2958 1430 3006 doctissima
1457 2957 1712 3005 Weicherti
1732 2959 1961 3018 Disputa-

248 3032 333 3090 tio,
361 3032 411 3077 in
434 3048 598 3079 comm.
617 3035 676 3081 de
697 3037 907 3083 versibus
930 3036 1114 3098 aliquot
1140 3036 1270 3098 Virg.
1296 3043 1343 3080 et
1357 3036 1461 3081 Val.
1492 3034 1669 3094 Flacci,
1697 3050 1745 3095 p.
1770 3035 1831 3096 93
1859 3049 1960 3095 sqq.

310 3105 373 3170 (v.
398 3107 530 3173 980.)
552 3111 646 3156 Ista
670 3111 807 3158 etiam
835 3113 1010 3160 semina
1036 3129 1096 3159 ex
1124 3113 1222 3159 aliis
1256 3110 1483 3158 similibus
1513 3111 1736 3172 componi
1766 3109 1963 3168 debent,

244 3182 356 3229 inde
375 3199 619 3244 processus
644 3187 695 3233 in
709 3187 967 3248 infinitum,
982 3205 1070 3236 nec
1095 3191 1219 3236 ullus
1236 3190 1358 3235 foret
1372 3188 1599 3250 terminus
1614 3187 1700 3235 ubi
1715 3185 1963 3235 consistere

247 3259 412 3306 valeas.
