2300 3926
1 1273 7 1287 v
2 1181 8 1190 »
0 758 10 1133 -s-m-u-s-.«-.⁴—-·-
0 705 11 739 ..a
5 636 10 645 ι.

277 251 451 304 «ν-θόο.)
681 255 765 299 DE
794 249 1017 296 RERUM
1049 246 1300 292 NATURA
1337 244 1447 288 ΠΒ.
1486 244 1543 287 11.
1637 258 1640 262 ·
1910 254 1956 295 71

270 355 688 431 Dispersamque
718 350 861 407 foras
892 369 989 426 per
1018 346 1199 405 caulas
1228 346 1373 422 ejicit
1403 364 1607 400 omnes,

271 455 411 509 Nam
440 450 570 528 quid
598 460 854 526 praeterea
882 446 1056 503 facere
1086 446 1257 502 ictum
1286 464 1442 520 posse
1465 460 1683 499 reamur

273 550 552 618 Oblatum,
583 548 687 603 nisi
718 546 990 602 discutere
1022 567 1084 601 ac
1113 542 1408 600 dissolvere
1441 537 1697 617 quaeque?

347 650 435 704 Fit
447 665 693 723 quoque,
728 646 809 699 uti
842 643 1052 700 soleant
1085 645 1268 699 minus
1296 640 1479 696 oblato
1510 639 1707 693 acriter
1736 636 1849 690 ictu

272 743 532 820 Reliquiae
560 755 741 799 motus
772 742 948 798 vitalis
975 745 1194 800 vincere
1225 760 1363 815 saepe
1380 781 1394 809 ,

272 845 528 914 Vincere,
562 854 617 898 et
646 842 890 918 ingentes
918 840 1091 917 plagae
1115 839 1301 895 sedare
1321 834 1617 903 tumultuS,

270 945 440 1018 Inque
471 944 596 998 suos
624 939 890 1017 quidquid
918 959 1108 995 rursus
1135 957 1391 993 revocare
1423 938 1656 1003 meatus,

269 1042 341 1098 Et
367 1041 522 1116 quasi
546 1041 658 1117 jam
687 1038 820 1096 lethi
847 1039 1218 1097 dominantem
1247 1038 1304 1092 in
1338 1054 1569 1111 corpore
1600 1044 1807 1087 motum

270 1139 580 1211 Discutere,
609 1158 672 1195 ac
699 1159 850 1216 paene
881 1138 1106 1195 amissos
1129 1135 1424 1193 accendere
1454 1153 1657 1189 sensus

272 1238 437 1308 Nam,
466 1258 634 1313 quare
663 1239 845 1315 potius
872 1237 1005 1293 lethi
1030 1239 1143 1313 jam
1171 1235 1359 1318 limine
1389 1235 1455 1289 ab
1487 1234 1605 1308 ipso

271 1335 358 1392 Ad
385 1336 553 1391 vitam
578 1338 787 1412 possint
815 1335 1061 1393 conlecta
1093 1347 1274 1391 mente
1303 1333 1533 1403 reverti,

273 1436 457 1507 Quam
485 1454 596 1510 quo
622 1434 910 1492 decursum
938 1455 1106 1512 prope
1126 1418 1240 1510 jam
1270 1435 1369 1491 siet
1397 1433 1475 1487 ire
1505 1442 1560 1486 et
1589 1428 1770 1485 abire?

352 1535 642 1605 Praeterea,
671 1534 928 1610 quoniam
958 1533 1114 1588 dolor
1143 1546 1224 1588 est
1253 1532 1347 1586 ubi
1371 1529 1618 1585 materiai

275 1631 522 1706 Corpora
547 1631 602 1685 vi
628 1630 863 1706 quadam
890 1651 990 1706 per
1015 1632 1222 1686 viscera
1253 1630 1402 1698 viva,
1432 1647 1531 1702 per
1559 1636 1708 1680 artus

276 1725 569 1782 Sollicitata
601 1729 711 1784 suis
739 1729 1011 1805 trepidant
1038 1730 1097 1784 in
1124 1727 1340 1783 sedibus
1370 1728 1545 1795 intus;

276 1829 447 1900 Inque
474 1823 655 1880 locum
689 1826 908 1902 quando
936 1828 1255 1904 remigrant,
1288 1826 1350 1881 fit
1377 1823 1577 1880 blanda
1609 1820 1889 1897 voluptas:

275 1925 424 1980 Scire
452 1923 604 1995 licet,
631 1923 784 1982 nullo
816 1926 1115 2002 primordia
1145 1946 1303 2002 posse
1331 1923 1518 1980 dolore

275 2023 529 2094 Tentari,
558 2020 873 2100 nullamque
897 2024 1230 2102 voluptatem
1263 2043 1456 2100 capere
1486 2043 1550 2077 ex
1582 2042 1669 2076 se:

278 2121 736 2197 Quandoquidem
768 2144 879 2180 non
907 2136 1128 2198 sunt‘ex
1159 2120 1283 2177 ullis
1316 2122 1711 2198 principiorum

279 2219 634 2295 CorporibuS,
661 2239 896 2294 quorum
923 2233 1104 2276 motus
1129 2202 1370 2278 novitate
1397 2219 1671 2287 laborent3

276 2318 387 2372 Aut
414 2315 649 2392 aliquem
678 2315 920 2372 fructum
948 2319 1167 2395 capiant
1188 2317 1490 2373 dulcedinis
1516 2315 1684 2372 almae.

276 2413 438 2469 Haud
469 2415 636 2490 igitur
665 2414 865 2470 debent
893 2435 1007 2470 esse
1031 2415 1151 2471 -ullo
1179 2415 1404 2492 praedita
1431 2435 1591 2470 sensu

353 2511 632 2588 Denique,
662 2512 744 2578 uti
777 2513 984 2588 possint
1012 2514 1212 2568 sentire
1239 2510 1493 2568 animalia
1521 2530 1743 2587 quaeque
1761 2552 1775 2579 ,

276 2609 559 2685 Principiis
591 2611 634 2665 si
663 2611 826 2665 etiam
859 2623 939 2666 est
972 2631 1162 2667 sensus
1187 2610 1509 2667 tribuendus
1530 2596 1749 2677 ‘eorum3

277 2705 459 2778 Quid?
485 2727 656 2784 genus
687 2709 987 2764 humanum
1007 2711 1296 2788 propritim
1330 2708 1396 2764 de
1423 2708 1611 2790 quibus
1638 2708 1836 2763 factum
1857 2718 1962 2770 est,

186 2806 190 2810 ’
277 2801 484 2860 Scilicet
510 2817 563 2860 et
590 2807 703 2862 risu
733 2806 965 2865 tremulo
999 2827 1259 2864 concussa
1288 2806 1644 2882 cachinnant,

279 2903 348 2955 Et
377 2899 621 2978 lacrymis
653 2918 916 2982 spargunt
946 2905 1256 2961 rorantibus
1285 2925 1380 2959 ora
1410 2923 1707 2979 genasque,

280 2997 564 3075 Multaque
590 3001 655 3057 de
681 3023 865 3059 rerum
898 3005 1127 3059 mistura
1155 3003 1331 3058 dicere
1359 2999 1580 3069 callent,

231 3129 235 3132 -
280 3099 351 3154 Et
382 3097 483 3152 sibi
516 3118 779 3175 proporro
821 3123 941 3178 quae
970 3104 1076 3158 sint
1112 3099 1410 3178 primordia
1441 3109 1712 3174 quaerunt:

280 3196 736 3273 Quandoquidem
770 3202 895 3258 totis
924 3201 1241 3258 mortalibus
1273 3197 1591 3255 adsimulata
1609 3241 1622 3263 ‚
