2320 3866
891 247 958 291 IN
994 247 1377 294 LUCRETIUM.
1895 248 1985 294 303

277 347 423 410 magis
445 347 636 393 extendi
657 355 704 392 et
726 342 955 405 duplicari
974 358 1161 389 necesse
1185 351 1266 390 est.
1293 345 1455 407 Imago
1481 351 1634 389 autem
1657 345 1832 404 speculi
1855 343 1986 409 (spe-

277 423 434 468 culum
457 423 579 469 enim
601 423 752 484 ipsum
788 435 882 466 una
912 434 1020 465 cum
1040 435 1093 466 re
1115 420 1250 480 cujus
1285 420 1441 483 imago
1463 418 1721 466 reflectitur
1751 420 1987 483 videmus]

277 515 423 545 unum
437 515 545 546 aera
563 498 811 560 propellit,
833 495 988 559 imago
1009 499 1237 558 propulsa
1259 498 1477 556 alterum,
1498 496 1704 558 ideoque
1726 512 1822 542 non
1844 497 1894 542 in
1917 514 1989 543 sn—

274 574 467 636 perficie
488 575 664 636 speculi
678 609 693 633 ,
715 572 798 619 sed
818 571 944 619 intus
968 574 1102 634 quasi
1124 585 1171 622 et
1192 573 1242 618 in
1262 575 1504 635 profundo
1526 575 1629 620 haec‘
1646 574 1804 636 imago
1836 589 1987 635 appa-

273 662 360 699 ret.
377 673 398 695 »
419 654 632 700 Canen.

340 727 403 794 (v.
429 727 559 793 290.)
573 748 594 770 α
606 725 695 774 Hic
717 734 786 771 est
801 727 922 773 ordo
947 727 1342 773 constructionis:
1369 730 1526 784 Quare
1542 727 1681 772 etiam
1697 737 1837 789 atque
1854 728 1991 773 etiam

274 807 463 852 minime
493 814 562 852 est
586 819 674 865 par
694 803 784 848 illis
805 803 1018 850 mirarier
1041 801 1134 867 (ea)
1158 819 1262 864 quae
1283 802 1493 847 reddunt
1524 803 1677 848 visum
1712 820 1771 849 ex
1804 820 1997 865 aequorc

273 884 568 944 speculorum
589 879 712 926 binis
734 880 945 936 aeribus3
979 880 1009 925 i.
1036 895 1074 925 e.
1101 879 1212 924 :Illi
1235 878 1319 940 qui
1339 879 1722 939 phaenomenon
1708 881 1919 943 imaginis
1946 882 1996 926 in

273 959 464 1019 speculo
494 972 582 1017 per
601 956 811 1001 medium
845 954 1047 1016 duplicis
1079 955 1198 1001 aeris
1226 955 1485 1016 explicant,
1507 954 1697 1000 minime
1718 956 1876 1002 mirari
1907 957 1992 1002 ‹ie-

271 1034 387 1080 hent
396 1033 603 1080 rationes
615 1041 821 1093 nostras,
847 1049 951 1094 quae
974 1031 1111 1078 simili
1132 1037 1327 1093 prorsus
1343 1041 1622 1095 argumento
1645 1033 1959 1079 subnitunt'ur.
1977 1055 1994 1075 υ

1689 1112 1889 1156 wimer.

342 1186 464 1245 Quin
487 1187 656 1244 etiam,
681 1194 768 1232 etc.
794 1182 856 1250 (v.
888 1183 1014 1250 312).
1039 1205 1064 1227 α
1079 1185 1332 1248 Subjungit
1358 1186 1418 1231 de
1434 1185 1633 1246 speculis
1660 1203 1867 1248 quorum
1889 1198 1997 1235 sunt

265 1263 492 1309 latuscula
525 1260 808 1327 (facieculae)
842 1262 974 1309 varia
988 1298 1002 1322 ‚
1037 1262 1184 1309 instar
1210 1263 1431 1310 videlicet
1463 1265 1762 1324 speculorum
1788 1265 1999 1326 plurium

268 1339 332 1386 ad
352 1339 567 1386 dextram
589 1341 844 1401 laevamque
867 1339 932 1385 sic
957 1340 1287 1401 oppositorum
1302 1376 1315 1399 ‚
1333 1349 1388 1386 ut
1411 1357 1471 1386 ex
1499 1339 1757 1387 reflexione
1779 1343 1918 1389 unius
1947 1344 1997 1389 in

267 1415 399 1462 aliud
424 1425 471 1462 et
495 1432 644 1478 porro
671 1417 723 1463 in
744 1418 936 1462 oculum
957 1416 1072 1463 situs
1091 1418 1379 1476 restituatur,
1405 1427 1486 1464 aut
1513 1419 1675 1479 potius
1698 1435 1901 1480 quorum
1925 1423 1998 1466 la-

268 1501 371 1538 tera
401 1492 494 1539 sint
524 1503 682 1555 partes
716 1493 992 1556 regionesve
1025 1494 1237 1554 ejusdem
1269 1495 1446 1555 speculi
1476 1496 1694 1554 concavi,
1719 1503 1755 1544 ,ε
1789 1513 1886 1556 quo
1918 1513 1998 1543 re-

269 1567 392 1615 flexa
412 1578 483 1627 et,
504 1579 614 1631 post
636 1570 806 1616 factam
834 1570 1081 1616 radiorum
1107 1571 1476 1617 decussationem
1493 1607 1507 1630 ‚
1530 1581 1736 1632 spectata
1758 1572 1913 1635 imago
1940 1590 1998 1619 eo

268 1645 546 1691 exhibeatur
574 1636 669 1692 situ
682 1681 697 1706 ,
718 1655 774 1692 ut
794 1647 961 1692 dextra
987 1647 1050 1693 ad
1082 1647 1324 1706 dextram,
1348 1647 1534 1693 sinistra
1565 1648 1628 1694 ad
1656 1647 1889 1694 sinistram
1918 1649 1998 1708 sit,

267 1721 449 1769 tametsi
485 1723 674 1775 aliunde
702 1739 813 1784 pars
841 1723 1062 1784 superior
1088 1718 1301 1784 inferior,
1332 1734 1379 1771 et
1407 1724 1606 1771 inferior
1642 1725 1860 1785 superior
1886 1742 1998 1772 eva-

267 1797 350 1843 dit.
379 1818 399 1839 n
425 1801 710 1846 Gassmtnus.

337 1875 684 1936 Composituras
725 1874 800 1941 (v.
834 1874 969 1941 329).
1005 1879 1117 1923 Vox
1144 1877 1300 1924 rarior
1332 1893 1475 1939 quam
1514 1894 1539 1924 e
1569 1878 1732 1924 Simiio
1771 1878 1998 1939 Capitone

266 1950 405 1997 affert
438 1952 555 1998 Gell.
570 1969 662 2012 ‚v‚
704 1969 796 2014 20,
832 1963 878 1999 et
906 1954 956 2000 in
986 1953 1285 2015 compostum
1314 1963 1603 2000 contractam
1638 1949 1783 2000 habet
1814 1956 1968 2001 Varro
1986 1991 2000 2014 ,

267 2028 438 2084 11.R.‚
475 2033 608 2088 22‚§
637 2030 681 2076 3.

333 2107 510 2151 Lurida
533 2104 603 2170 (v.
634 2104 770 2171 333).
794 2107 1001 2169 Ictericis
1026 2108 1184 2153 omnia
1209 2108 1397 2168 objecta
1431 2118 1662 2169 apparent
1682 2108 1864 2167 lurida3
1889 2109 2001 2170 quia

266 2180 487 2228 videlicet
513 2182 670 2229 lurida
699 2185 847 2230 multa
869 2183 1045 2230 semina
1067 2185 1126 2230 ab
1149 2184 1349 2231 ictericis
1381 2184 1568 2244 fluunt,
1596 2193 1643 2231 et
1664 2185 1898 2231 venientia
1920 2202 2001 2231 rc·-

268 2274 376 2305 rum
397 2259 645 2318 simulacra
667 2260 857 2324 tingunt
872 2297 886 2320 ,
911 2270 994 2307 aut
1018 2263 1180 2307 saltem
1203 2262 1254 2307 in
1276 2264 1440 2308 oculos
1463 2258 1685 2308 intrantia
1707 2260 1960 2307 sufficiunt.

334 2338 537 2398 Arquati
551 2334 620 2401 (v.
648 2337 740 2391 334
754 2336 771 2401 )
787 2338 1009 2384 dicuntur
1030 2338 1209 2385 icterici
1224 2374 1238 2398 ‚
1260 2339 1435 2400 quibus
1468 2341 1602 2385 color
1626 2347 1672 2385 et
1694 2338 1820 2384 oculi
1846 2338 2001 2383 virent

270 2412 407 2474 quasi
442 2413 494 2458 in
530 2415 690 2475 arqui,
721 2430 865 2476 quem
887 2424 1041 2477 poetae
1064 2416 1180 2462 Irim
1201 2425 1375 2463 vocant
1389 2451 1403 2475 ,
1426 2415 1794 2462 similitudinem.
1820 2416 2001 2460 Lucre-

267 2488 388 2549 tius,
416 2506 468 2536 w
485 2526 500 2550 ,
534 2489 629 2536 525
660 2507 672 2536 :

446 2617 550 2655 Tum
574 2615 682 2656 color
698 2616 742 2657 in
761 2616 882 2671 nigris
904 2616 1037 2658 existit
1058 2617 1232 2659 nubibus
1251 2617 1379 2672 arqui.

272 2729 344 2775 Cf.
363 2731 584 2792 Nonus,
605 2749 652 2791 v,
682 2739 768 2788 14·
755 2769 770 2793 ‚
798 2737 1026 2793 Pmmus,
1049 2735 1107 2779 Η.
1141 2736 1229 2790 N,
1260 2751 1349 2791 xx,
1380 2749 1463 2791 ¹13
1486 2742 1533 2779 et
1553 2735 1727 2779 VARRO
1751 2748 1826 2794 ap.
1848 2735 2002 2792 Non„

274 2822 321 2864 ι,
350 2805 453 2854 151.

340 2884 570 2944 Patefecit
598 2885 668 2950 (v.
694 2888 787 2944 346
797 2886 830 2953 ).
866 2890 1131 2936 Secundam
1153 2889 1378 2952 syllabam
1394 2925 1406 2947 ‚
1445 2904 1587 2950 quam
1623 2887 1734 2935 alias
1755 2888 2004 2935 Lucretius

275 2960 502 3022 corripit,
524 2964 748 3022 producit
771 2967 910 3012 etiam
936 2969 1160 3030 Calpurm
1175 3002 1189 3026 ,
1214 2968 1342 3021 Edu
1373 2983 1418 3024 Ι,
1452 2964 1528 3012 35-

345 3036 563 3095 conjecta
586 3036 653 3103 (Ὺ.
682 3039 815 3107 353).
839 3045 1023 3092 Wakef.
1048 3061 1157 3091 cum
1181 3043 1399 3090 omnibus
1419 3043 1518 3088 fere
1539 3042 1674 3088 libris
1710 3042 1861 3088 edidit
1889 3058 2003 3087 con-

278 3123 400 3160 tecta
422 3123 470 3160 et
497 3130 684 3161 sensum
705 3119 771 3164 sic
797 3122 994 3182 exponit
1022 3138 1034 3167 ε
1061 3142 1081 3164 «
1100 3123 1173 3168 Ne
1197 3121 1443 3167 simulacra
1459 3154 1472 3179 ‚
1497 3136 1705 3182 quorum
1729 3121 1865 3164 calles
1889 3119 2003 3164 cali-—

273 3191 465 3254 ginosus
502 3207 582 3237 aer
615 3195 760 3240 ambit
787 3199 1087 3262 contegitque
1103 3235 1117 3257 ‚
1147 3198 1213 3244 ita
1245 3197 1427 3243 moveri
1465 3197 1515 3242 in
1551 3195 1697 3242 oculis
1730 3206 1776 3243 et
1812 3195 2004 3243 excitari

274 3269 454 3330 possint
469 3304 482 3328 ,
506 3278 561 3314 ut
582 3284 686 3330 res,
710 3272 838 3319 unde
868 3275 1139 3322 emittantur
1154 3310 1166 3334 ,
1195 3274 1396 3320 discerni
1423 3282 1610 3336 queant.
1634 3295 1653 3314 »
