2300 3926
166 249 217 297 (v.
236 247 348 299 350.)
580 248 661 308 DE
693 245 914 291 RERUM
947 245 1196 292 NATURA
1231 246 1342 290 LIB.
1379 247 1439 290 11.
1797 244 1850 288 51

163 350 215 406 N
217 370 278 405 ec
305 360 477 406 mater
504 360 687 425 posset
713 346 959 423 prolem:
985 346 1131 423 quod
1161 367 1317 422 posse
1349 347 1618 415 videmuS‚

164 449 278 505 Nec
309 450 488 504 minus
517 459 679 522 atque
706 446 953 501 homines
987 446 1131 501 inter
1164 466 1220 502 se
1251 457 1379 502 nota
1410 444 1606 501 cluere.

242 548 384 604 Nam
415 564 553 621 saepe
585 555 711 599 ante
739 546 921 599 Deum
949 543 1151 600 vitulus
1183 544 1408 601 delubra
1437 543 1629 599 decora

161 646 538 702 Thuricremas
565 654 791 719 propter
824 656 1092 701 mactatus
1126 643 1362 700 concidit
1394 662 1541 714 araS,

163 743 449 820 Sanguinis
477 741 756 818 exspirans
787 740 1024 805 calidum
1057 742 1124 798 de
1157 753 1374 818 pectore
1405 741 1648 798 flumen:

161 844 237 898 At
266 852 463 911 mater,
491 839 694 896 virides
723 839 891 896 saltus
919 828 1109 896 orbata
1141 859 1460 916 peragram,

158 930 384 1016 Linquit
413 939 569 997 humi
598 938 825 1015 pedibus
858 939 1082 1016 vestigia
1110 958 1296 1015 pressa
1326 935 1570 1008 bisulciS‚

102 1027 110 1032 ’
158 1039 358 1094 Omnia
387 1038 671 1095 convisens
701 1037 873 1094 oculis
906 1036 1049 1110 loca,
1079 1040 1124 1094 si
1158 1049 1322 1115 queat
1353 1057 1582 1113 usquam

157 1137 484 1213 Conspicere
507 1139 765 1193 amissum
790 1137 1013 1208 foetum3
1041 1135 1381 1214 completque
1412 1133 1643 1212 querelis

155 1238 198 1291 F
201 1236 535 1292 rondiferum
567 1257 760 1293 nemus
789 1236 1051 1293 adsistens
1068 1280 1084 1307 ‚
1114 1249 1169 1292 et
1197 1236 1389 1292 crebra
1416 1236 1601 1291 revisit
1669 1255 1674 1258 ·

157 1334 243 1391 Ad
269 1328 572 1406 stabulum,
603 1333 871 1391 desiderio
904 1335 1109 1411 perfixa
1135 1336 1354 1410 juvenci
1385 1356 1397 1389 :

157 1434 276 1491 Nec
307 1445 506 1490 tenerae
535 1432 748 1504 saliceS‚
783 1446 947 1510 atque
979 1434 1159 1490 herbae
1191 1454 1314 1489 rore
1345 1435 1610 1509 vigenteS‚

159 1530 516 1608 Fluminaque
551 1531 663 1588 ulla
697 1544 938 1607 queunt,
967 1533 1191 1587 summis
1221 1531 1459 1587 labentia
1488 1532 1626 1606 ripis
1644 1572 1658 1599 ‚

159 1628 448 1686 Oblectare
475 1630 716 1685 animum
748 1630 1092 1705 subitamque
1119 1640 1362 1685 avertere
1391 1648 1580 1684 curam
1604 1649 1618 1698 ;

156 1728 272 1784 Nec
305 1726 602 1801 vitulorum
627 1726 745 1782 aliae
777 1728 979 1804 species
1013 1747 1111 1803 per
1145 1727 1345 1804 pabula
1380 1727 1504 1784 laeta

156 1826 418 1882 Derivare
451 1838 660 1902 queunt
686 1824 794 1882 alio
820 1844 1059 1903 curaque
1094 1825 1305 1883 levare:

156 1928 342 2007 Usque
365 1925 499 1981 adeo
531 1924 791 2002 quiddam
818 1927 1103 2002 proprium
1138 1939 1440 2003 notumque
1473 1927 1719 2006 requirit.

157 2027 420 2080 Praeterea
449 2026 623 2080 teneri
653 2023 897 2081 tremulis
931 2045 1056 2081 cum
1084 2026 1309 2082 vocibus
1342 2026 1483 2081 haedi

159 2124 484 2200 Cornigeras
515 2135 720 2180 norunt
751 2136 977 2195 matreS‚
1007 2125 1241 2201 agnique
1273 2124 1477 2200 petulci

160 2219 450 2277 Balantum
476 2220 708 2298 pecudes
738 2243 750 2275 ε
781 2223 882 2291 ita,
916 2222 1065 2297 quod
1098 2224 1312 2279 Natura
1341 2223 1605 2297 reposcit,

160 2319 244 2376 Ad
275 2340 372 2375 sua
403 2319 631 2395 quisque
657 2318 772 2374 fere
805 2319 1104 2375 decurrunt
1131 2321 1298 2375 ubera
1331 2320 1501 2374 lactis.

236 2421 518 2486 Postremo
546 2416 777 2493 quodvis
810 2407 1172 2486 frumentum,
1204 2438 1315 2473 non
1349 2429 1532 2473 tamen
1566 2438 1728 2473 omne

161 2517 434 2594 Quodque
461 2517 643 2572 suoin
670 2536 867 2593 genere
900 2517 1041 2571 inter
1071 2537 1127 2572 se
1159 2515 1334 2572 simile
1367 2537 1480 2572 esse
1504 2517 1738 2589 videbis,

162 2617 314 2688 Quin
341 2615 674 2672 'intercurrat
696 2614 942 2691 quaedam
958 2615 1229 2685 ,distantia
1262 2616 1483 2672 formis:

163 2713 619 2791 Concharumque
651 2735 819 2791 genus
851 2712 1011 2790 parili
1044 2717 1263 2792 ratione
1285 2715 1530 2770 videmus

162 2814 390 2890 Pingere
423 2812 630 2869 telluris
658 2814 949 2890 gremium,
981 2834 1087 2889 qua
1115 2812 1370 2869 mollibus
1397 2813 1558 2868 undis

163 2910 367 2968 Litoris
391 2910 600 2967 incurvi
627 2912 872 2968 bibulam
905 2913 1056 2990 pavit
1083 2933 1268 2989 aequor
1298 2932 1534 2967 arenam.

165 3011 353 3083 Quare
381 3009 544 3064 etiam
571 3023 734 3087 atque
770 3012 933 3067 etiam
963 3011 1127 3068 simili
1154 3013 1363 3068 ratione
1388 3032 1603 3069 necesse
1631 3027 1735 3084 est,

166 3110 378 3167 Natura
403 3109 662 3186 quoniam
697 3122 979 3184 constant,
1013 3132 1190 3187 neque
1222 3111 1363 3166 facta
1395 3132 1562 3167 manu
1594 3125 1721 3168 sunt

167 3209 346 3265 Unius
376 3207 444 3263 ad
476 3219 679 3263 certam
707 3208 935 3266 formam
962 3211 1258 3287 primordia
1288 3231 1468 3268 rerum
1486 3254 1501 3280 ‚

1568 3316 1619 3380 4.
