2320 3866
418 281 443 309 2
451 281 509 327 92
1029 267 1513 312 ADNOTATIONES

483 363 577 408 Per
594 377 646 407 se
668 359 730 426 (v.
761 358 895 424 338).
920 360 1028 406 Sine
1060 362 1224 408 anima.

481 439 544 503 (v.
571 434 703 496 357.)
734 439 834 483 «At
861 447 1095 498 separata,
1129 439 1342 500 inquies,
1374 440 1550 498 anima,
1586 445 1758 499 corpus
1794 439 1944 485 omnis
1970 455 2129 485 sensus

417 530 584 579 expers
612 514 750 574 jacet.
779 514 1023 573 Concedo,
1042 516 1268 575 quoniam
1297 516 1350 561 id
1369 517 1526 576 perdit
1550 515 1684 576 quod
1706 514 1796 560 sibi
1810 551 1823 574 ‚
1849 516 1962 561 dum
1984 517 2101 561 vixit
2116 551 2129 574 ,

413 607 513 636 non
545 591 635 636 fuit
666 591 916 651 proprium
938 588 1103 654 (quod
1126 592 1215 637 sibi
1245 592 1332 637 soli
1352 608 1452 637 non
1482 589 1829 655 competebat),
1861 601 1907 637 et
1940 591 2132 652 insuper

414 667 760 714 observandum
783 676 851 712 est
874 684 1045 728 corpus
1066 668 1423 734 multalperdere
1439 667 1617 733 (sensus
1647 668 2132 733 corporissdebiliores

413 741 516 789 fieri
540 752 586 789 et
609 744 852 804 paullatim
874 743 1111 808 interire),
1137 761 1285 805 quum
1311 745 1464 791 anima
1486 748 1725 791 senectute
1753 745 2001 805 expellitur
2016 780 2029 803 ,
2056 746 2131 789 vel

414 819 568 880 ipsum
593 836 765 882 corpus
786 821 916 867 senio
940 831 1255 885 expugnatur.
1281 842 1300 864 »
1325 823 1536 868 Cnmzcn.

480 898 537 942 V.
574 898 698 955 363,
725 914 866 958 quem
897 900 1083 958 Lamb.,
1106 899 1299 957 Faber.,
1331 900 1519 944 Crcech.
1558 901 1731 961 aliique
1769 897 1982 958 spurium
2014 911 2131 940 cen—

415 983 633 1032 suerunt,
648 973 713 1019 sic
737 975 937 1035 explicat
958 976 1139 1022 Wakef.
1169 992 1178 1019 :
1205 995 1224 1016 «
1248 976 1442 1034 Sensus,
1468 992 1611 1036 quem
1631 977 1806 1022 habent
1822 974 1970 1031 oculi,
1991 973 2133 1018 rebus

415 1050 616 1096 externis
652 1052 886 1110 percussi,
911 1060 1075 1096 evocat
1100 1052 1306 1095 animum
1331 1052 1392 1095 ad
1412 1067 1576 1096 eorum
1599 1052 1744 1109 acies,
1767 1052 1832 1096 ita
1856 1059 1932 1107 ut,
1957 1064 2131 1094 conso-

415 1126 544 1171 ciatis
568 1126 708 1172 animi
732 1136 778 1172 et
800 1127 925 1172 oculi
942 1127 1279 1186 potestatibus,
1308 1127 1503 1172 videndi
1526 1127 1719 1172 facultas
1743 1128 1994 1173 exoriatur.
2014 1148 2033 1166 u

481 1198 543 1265 (v.
576 1200 705 1266 368.)
728 1205 832 1248 Hoc
853 1202 1060 1248 Lucretii
1082 1211 1432 1264 argumentum,
1457 1218 1555 1263 quo
1584 1211 1782 1248 conatur
1803 1203 2028 1262 probare,
2046 1203 2135 1246 fal-

414 1293 519 1322 sum
548 1295 664 1336 esse,
690 1279 898 1325 animum
924 1295 1010 1340 per
1044 1281 1228 1336 ocuIOS,
1262 1288 1488 1339 tanquam
1522 1293 1610 1339 per
1640 1279 1888 1335 fenestras,
1918 1293 2104 1322 cernere
2122 1313 2135 1334 ,

414 1355 584 1400 refellit
613 1365 660 1400 et
676 1356 851 1402 *irridet
879 1359 1118 1413 Lactant.,
1149 1358 1209 1401 de
1246 1356 1377 1418 Opifi
1403 1356 1518 1411 Dei,
1553 1371 1591 1401 c.
1626 1357 1670 1402 8.

482 1433 654 1478 Primis
687 1430 749 1497 (v.
775 1431 911 1497 373).
935 1433 1010 1480 Sic
1031 1434 1175 1495 vulgo
1199 1433 1371 1495 legitur
1393 1432 1491 1477 sine
1504 1432 1633 1491 justo
1661 1445 1812 1477 sensu.
1842 1428 2137 1491 Ingeniosam

415 1509 612 1554 Bentleii
648 1511 772 1569 conj.
799 1511 941 1570 privis
979 1508 1028 1573 («
1038 1511 1197 1570 privos
1219 1510 1475 1569 privasque
1505 1507 1725 1554 dicebant
1756 1523 1846 1568 pro
1883 1505 2088 1567 singulis.
2117 1524 2137 1546 »

414 1585 629 1651 Fsssrus.)
661 1589 844 1635 Wakef.
871 1596 917 1634 et
947 1588 1139 1650 Forbig.
1164 1594 1460 1646 receperunt.

481 1664 754 1709 Promittere
781 1661 843 1728 (v.
872 1661 1010 1727 378).
1031 1665 1068 1709 Ι.
1102 1655 1141 1709 e.
1168 1653 1412 1709 affirma-re.
1435 1656 1618 1708 Eodem
1641 1662 1742 1707 fere
1769 1674 1905 1706 sensu
1944 1660 2106 1706 Horat.
2124 1693 2136 1717 ,

421 1740 520 1786 Sat.
551 1756 571 1785 1
592 1776 605 1798 ‚
633 1747 683 1798 4,
716 1755 844 1786 102:

591 1931 819 1944 .......
840 1900 882 1941 si
902 1900 998 1955 quid
1022 1900 1254 1955 promittere
1275 1900 1325 1940 de
1347 1913 1412 1940 me

589 1966 751 2011 Possum
773 1970 882 2011 aliud
895 2001 906 2020 ,
931 1983 1024 2010 vere
1045 1969 1246 2024 promitto.

481 2116 644 2160 Prima
674 2114 737 2180 (v.
770 2114 899 2180 379).
921 2117 1332 2163 «Rescribendum
1354 2115 1507 2160 voluit
1526 2113 1611 2159 -hic
1636 2113 1775 2159 etiam
1799 2113 1950 2157 Bentl.
1979 2114 2111 2172 prim
2123 2130 2149 2168 ‚·-

416 2192 607 2237 omnino
650 2193 902 2257 mendose,
946 2209 1103 2254 neque
1139 2193 1378 2253 scriptoris
1424 2207 1570 2251 scopo
1625 2190 1972 2236 convenienter.
2022 2191 2143 2236 Nam

413 2270 570 2329 prima
593 2285 786 2330 corpora
809 2271 942 2314 nobis
971 2269 1142 2327 injecta
1177 2270 1300 2314 v'alet
1323 2277 1505 2314 atomos
1530 2267 1596 2312 ita
1625 2283 1674 2313 se
1703 2266 1967 2326 injicientes
2005 2265 2143 2311 nobis

415 2352 462 2388 et
486 2344 823 2407 impingentes,
847 2355 901 2391 ut
923 2355 1080 2391 motus
1110 2346 1357 2391 sensiferos
1382 2343 1639 2390 efficiant.»
1665 2344 1869 2388 WAKEF.

477 2422 740 2467 Adhaesum
764 2419 826 2485 (v.
853 2420 982 2485 382).
1006 2425 1117 2468 Vox
1144 2422 1224 2466 illa
1251 2422 1403 2467 rarior
1426 2429 1556 2466 extra
1579 2419 1786 2465 Lucretii
1808 2416 2012 2464 carmina
2041 2433 2142 2462 non

414 2497 620 2543 occurrit
629 2515 643 2556 ;
674 2507 844 2558 praeter
869 2498 995 2542 hunc
1018 2499 1176 2542 locum
1191 2531 1204 2554 ,
1228 2497 1466 2542 invenitur
1493 2496 1632 2542 etiam
1656 2512 1732 2554 ιν,
1754 2495 1904 2552 12383
1931 2510 1977 2551 v,
2010 2494 2104 2548 840
2126 2529 2138 2551 ‚

413 2581 459 2617 et
491 2590 546 2619 v1
564 2609 578 2633 ,
605 2580 714 2632 472.

478 2653 674 2712 Pappos
706 2648 768 2715 (v.
804 2648 933 2714 387).
965 2653 1001 2695 Ι.
1032 2667 1070 2695 e.
1098 2651 1380 2696 carduorum
1403 2650 1557 2697 flores.
1581 2652 1772 2696 Fsss‘rus.

478 2729 616 2773 Pn’va
644 2726 707 2792 (v.
737 2725 866 2790 390).
891 2728 1082 2789 Forbig.
1117 2727 1289 2773 rectius
1304 2730 1494 2788 prima,
1530 2729 1560 2773 i.
1586 2743 1623 2773 e.
1651 2726 1816 2771 leviter
1848 2722 2141 2770 solummodo

412 2805 463 2851 in
483 2804 727 2866 superficie
750 2805 918 2865 posita.

479 2879 542 2946 (v.
573 2879 703 2946 397.)
728 2883 944 2928 Ceterum
974 2881 1287 2941 animusvvitae
1323 2880 1607 2926 munimenta
1642 2879 1875 2940 praecipue
1907 2885 2067 2921 tuetur
2095 2883 2142 2919 et

412 2959 557 3021 magis
588 2960 714 3005 valet
743 2959 804 3004 ad
832 2959 1198 3004 conservandam
1222 2959 1421 3003 salutem
1448 2957 1656 3003 animalis
1686 2972 1828 3017 quam
1856 2955 2030 2999 anima.

486 3036 648 3080 Vz‘vata
680 3033 741 3099 (v.
774 3033 901 3099 410).
927 3038 964 3080 Ι.
998 3052 1037 3082 e.
1075 3035 1255 3092 vivida,
1284 3034 1425 3093 acris,
1453 3044 1631 3096 vegeta.
1663 3054 1681 3074 «
1715 3034 1901 3077 Vivatus
1932 3040 1978 3076 et
2011 3029 2133 3074 vivi-

414 3114 529 3167 dus,
557 3127 585 3157 a
616 3112 770 3172 poetis
794 3112 1019 3157 dicuntur
1041 3123 1069 3157 a
1093 3112 1143 3157 vi
1166 3127 1349 3174 magna.
1374 3131 1394 3153 »
1424 3112 1618 3156 Fsss'rns.

487 3190 730 3250 Utrumque
761 3205 928 3234 nomen
952 3186 1013 3254 (v.
1048 3186 1176 3253 422).
1199 3190 1419 3234 Animum
1455 3188 1673 3233 videlice-t
1708 3195 1754 3232 et
1778 3186 2009 3239 animam,
2057 3180 2137 3224 uni

417 3262 663 3326 eidemque
684 3265 756 3312 rei
780 3265 1013 3327 applicare
1039 3274 1288 3313 memento,
1313 3265 1495 3314 Wakef.
1523 3280 1580 3310 ex
1611 3262 1849 3310 nonnullis
1878 3258 2017 3305 codd.
2053 3273 2136 3302 no-
