2340 3926
301 245 486 303 (v.290.1
724 255 804 298 DE
840 251 1064 296 RERUM
1097 250 1346 295 NATURA
1381 250 1491 295 LIB.
1528 253 1559 295 Ι.

301 345 545 410 Grandia
579 375 733 426 saxa,
767 354 879 409 ruit
905 373 1012 428 qua
1041 352 1307 428 quidquid
1335 353 1588 409 fluctibus
1615 354 1805 408 obstat.

301 454 391 509 Sic
417 456 582 531 igitur
600 452 806 508 'debent
840 453 985 506 venti
1015 457 1231 528 queque
1257 452 1474 508 flamina
1500 454 1652 525 Ferri,

301 554 463 625 Quae,
490 551 656 607 veluti
683 550 923 606 validum
949 551 1176 623 flumen,
1206 573 1374 627 quum
1408 553 1746 628 procubuere
1765 596 1779 622 ‚
1852 618 1855 621 ᾖ

221 646 226 651 ’
300 651 614 725 Quamlibet
642 652 697 705 in
724 663 933 727 partem
960 651 1192 706 trudunt
1219 673 1304 707 res
1332 664 1486 724 ante,
1521 664 1795 727 ruuntque

298 751 601 828 Impetibus—
620 750 858 820 crebris;
886 750 1159 805 interdum
1187 752 1393 805 vortice
1421 763 1567 806 torto

298 851 643 926 Corripiunt,
677 849 974 925 rapidoque
1000 851 1234 904 rotantia
1265 849 1483 904 turbine
1511 860 1731 925 portant

296 952 482 1023 Quare
507 950 670 1004 etiam
698 960 860 1024 atque
888 948 1051 1003 etiam
1081 961 1208 1004 sunt
1233 950 1382 1004 venti
1407 969 1636 1025 corpora
1663 970 1825 1020 caeca⁷

295 1047 754 1123 Quandoquidem
772 1091 786 1118 ‚
808 1047 971 1103 sactis
999 1067 1063 1103 ac
1093 1048 1361 1120 moribus7
1397 1047 1591 1131 aemula
1619 1050 1828 1126 magnis

294 1146 560 1204 Amnibus
586 1148 956 1218 inveniuntur,
984 1159 1172 1223 aperto
1200 1168 1428 1224 corpore
1456 1148 1551 1224 qui
1584 1160 1725 1203 sunt.
1772 1210 1776 1214 .

371 1249 512 1303 Tum
538 1267 702 1324 porro
729 1247 906 1302 varios
933 1267 1118 1302 rerum
1148 1249 1410 1303 sentimus
1438 1248 1663 1319 odoreS,

298 1348 412 1405 Nec
436 1359 621 1402 tamen
650 1345 720 1401 ad
748 1366 904 1402 nares
930 1348 1203 1402 venientes
1237 1347 1511 1402 cernimus
1541 1367 1799 1421 unquam.

293 1449 410 1504 Nec
437 1445 638 1502 calidos
663 1457 821 1502 aestus
847 1447 1071 1517 tuimur,
1099 1467 1201 1501 nec
1229 1446 1432 1522 frigora
1460 1447 1679 1521 quimus

291 1546 570 1620 Usurpare'
598 1543 767 1600 oculis
785 1587 799 1613 ‚
830 1565 931 1599 nec
954 1564 1112 1599 voces
1142 1550 1362 1599 cernere
1392 1563 1610 1599 suemus
1636 1566 1648 1597 :

292 1645 429 1715 Quae
455 1655 637 1698 tamen
659 1644 851 1715 'omnia
875 1663 1136 1718 corporea
1162 1655 1411 1698 constare
1440 1663 1651 1698 necesse
1681 1654 1760 1697 est

290 1743 523 1814 Natura,
558 1742 817 1818 quoniam
846 1762 1030 1797 sensus
1059 1741 1336 1818 impellere
1369 1755 1626 1819 possunt.;

288 1844 532 1918 Tangere
560 1843 707 1897 enim
741 1853 795 1897 et
821 1842 996 1918 tangi,
1031 1843 1134 1896 nisi
1160 1862 1382 1918 corpus,
1413 1841 1563 1898 nulla
1588 1830 1766 1919 potest
1795 1863 1898 1899 res,

368 1942 620 2017 Denique
653 1940 960 2018 fluctifrago
988 1962 1257 2017 suspensae
1285 1943 1340 1996 in
1368 1941 1527 1997 litore
1554 1955 1727 1998 vestes

287 2042 570 2095 Uvescunt
587 2083 602 2112 ‚
634 2040 835 2096 eaedem
869 2041 1132 2117 dispansae
1158 2044 1215 2097 in
1243 2042 1354 2099 sole
1383 2055 1674 2098 serescunt.

288 2141 361 2195 At
386 2156 561 2214 neque
590 2161 698 2215 quo
722 2153 885 2216 pacto
911 2141 1212 2216 persederit
1236 2144 1437 2197 humor
1470 2143 1630 2216 aquai

287 2238 439 2293 Visu'
474 2250 583 2310 est,
619 2259 718 2293 nec
749 2258 969 2294 rursum
998 2260 1108 2314 quo
1134 2252 1294 2315 pacto
1321 2239 1519 2316 fugerit
1546 2249 1694 2295 aestu‘.

285 2339 352 2391 In
383 2357 578 2412 parvas
613 2338 781 2414 igitur
810 2350 990 2414 partes
1024 2338 1354 2413 dispergitur
1382 2339 1603 2409 humor,

287 2437 440 2509 Quas
471 2435 616 2492 oculi
645 2436 793 2492 nulla
820 2449 1048 2512 possunt
1076 2439 1288 2492 ratione
1311 2438 1512 2494 videre.

286 2536 439 2608 Quin
465 2537 628 2591 etiam
644 2580 658 2608 ‚
686 2535 873 2591 multis
900 2535 1026 2592 solis
1052 2537 1406 2602 redeuntibus
1434 2542 1589 2595 annis
1607 2583 1620 2609 ‚
1698 2593 1701 2595 .

286 2634 534 2691 Annulus
561 2637 618 2691 in
643 2636 814 2714 digito
843 2637 1286 2705 subtertenuatur
1306 2639 1595 2713 *habend03

288 2733 535 2791 Stillicidi
562 2756 716 2792 casus
745 2736 1194 2813 lapidem'cavat3
1220 2760 1390 2794 uncus
1418 2739 1582 2793 aratri

286 2836 516 2890 Ferreus
548 2836 762 2892 occulte
790 2837 1054 2893 decrescit
1086 2859 1274 2894 vomer
1307 2840 1363 2893 in
1396 2840 1573 2908 arvis;

288 2933 573 3009 Strataque
595 2937 708 3011 jam
735 2935 882 3013 volgi
908 2937 1136 3012 pedibus
1165 2938 1360 2993 detrita
1392 2939 1603 2992 viarum

288 3033 457 3087 Saxea
491 3036 884 3110 conspicimus3
910 3048 1053 3108 tum,
1084 3049 1270 3112 portas
1298 3049 1539 3112 propter,
1569 3037 1739 3091 ahena

243 3143 247 3146 ’
289 3132 454 3208 Signa
481 3152 674 3187 manus
701 3133 913 3190 dextras
943 3135 1237 3191 ostendunt
1265 3136 1532 3190 attenuari

266 3232 440 3307 'Saepe
467 3230 798 3287 salutantum
825 3246 974 3290 tactu
1003 3247 1306 3309 praeterque
1333 3246 1608 3289 meantum
1644 3257 1655 3289 :

1941 267 1989 297 11
