2306 4042
700 513 998 616 PRAE
1020 510 1478 614 FATIO.

317 1023 477 1096 Qum
507 1024 565 1078 in
592 1023 696 1078 hac
723 1023 965 1079 Lucretii
994 1022 1233 1078 editione
1256 1022 1625 1099 praestiterim,
1651 1033 1748 1077 aut
1776 1023 1960 1098 potius

239 1133 495 1199 praestare
519 1122 928 1195 destinaverim,
958 1121 1121 1200 hujus
1143 1123 1222 1178 rei
1247 1142 1411 1198 quam
1431 1122 1745 1177 brevissime
1772 1133 1964 1198 potero

238 1223 506 1278 rationem
534 1222 777 1279 reddam.
824 1223 1013 1294 Quum
1046 1220 1367 1299 praeclarum
1396 1220 1502 1275 hoc
1537 1219 1717 1275 latinae
1745 1241 1966 1296 poeseos

239 1333 294 1376 et
325 1323 521 1377 veteris
551 1321 912 1398 philosophiae
943 1332 1364 1376 monumentum
1395 1318 1598 1375 notulis
1634 1321 1846 1395 suscepi
1871 1319 1968 1374 ad-

242 1420 587 1492 ornandum,
624 1441 738 1475 non
777 1432 887 1475 tam
931 1419 1067 1489 illud
1110 1419 1246 1474 mihi
1298 1419 1598 1495 proposui,
1637 1429 1699 1473 ut
1731 1438 1875 1472 nova
1912 1419 1970 1489 in

241 1519 482 1574 medium
513 1519 837 1595 proferrem,
868 1538 1033 1592 quam
1061 1528 1124 1572 ut
1154 1515 1423 1571 delectum
1452 1516 1768 1570 adhiberem
1804 1516 1874 1570 ad
1907 1537 1970 1571 ea

243 1637 364 1692 quae
391 1615 483 1671 alii
505 1617 620 1691 jam
651 1615 718 1670 de
749 1634 812 1670 eo
838 1616 1190 1671 commentati
1221 1623 1418 1670 essentg
1448 1615 1601 1670 Inter
1632 1635 1819 1670 omnes
1850 1613 1972 1672 illos

241 1727 354 1771 tam
381 1725 699 1791 praestantes
728 1715 875 1770 viros
894 1757 909 1787 ,
939 1715 1034 1790 qui
1066 1735 1226 1770 suum
1264 1715 1322 1768 in
1364 1714 1467 1769 hac
1497 1734 1556 1769 re
1594 1714 1839 1769 studium
1872 1735 1972 1791 po-

242 1825 494 1886 suerunt,
538 1814 863 1870 Creechium
902 1814 1171 1890 imprimis
1212 1826 1428 1869 secutus
1462 1834 1583 1869 sum
1617 1825 1670 1868 et
1712 1814 1974 1889 Forbige-

244 1933 394 1984 rum,
440 1933 675 1988 quorum
713 1911 850 1984 alter
879 1913 1231 1990 «periphrasi
1265 1931 1372 1967 sua>
1394 1913 1644 1989 prosaica
1675 1912 1976 1988 ceterisque

247 2012 694 2069 adnotationibus
742 2013 1068 2069 doctissimis
1117 2013 1185 2068 de
1234 2013 1684 2090 interpretatione
1736 1996 1981 2068 Lucretii

247 2112 452 2188 optime
481 2110 740 2182 meruit*,
760 2136 786 2164 »
819 2111 974 2184 alter,
1006 2124 1203 2189 praeter
1223 2111 1630 2188 «plenissimam
1648 2154 1662 2183 ,
1688 2132 1854 2186 quam
1882 2131 1978 2165 vo-

251 2222 405 2282 cant,
458 2222 744 2266 contextus
795 2211 1083 2286 historiam
1129 2211 1375 2266 criticam
1404 2252 1419 2281 ,
1451 2234 1477 2260 »
1528 2210 1983 2264 commentarium

252 2309 671 2384 grammaticum
699 2320 753 2362 et
784 2310 1146 2383 exegeticum,
1174 2320 1291 2363 tum
1321 2328 1505 2362 rerum
1535 2309 1692 2384 copia
1708 2350 1724 2378 ,
1747 2307 1985 2362 tum'do-

254 2409 432 2463 ctrina
463 2419 518 2462 et
550 2407 844 2482 sagacitate
873 2407 1171 2481 insignem,
1207 2406 1438 2461 carmini
1479 2406 1790 2481 subjunxit,
1831 2418 1884 2462 et
1921 2427 1983 2462 ex

252 2505 406 2583 largo
443 2504 764 2563 Wakefieldi
788 2499 951 2582 *penu
999 2504 1272 2581 quidquid
1324 2504 1394 2560 ad
1432 2517 1605 2582 poetae
1650 2504 1983 2561 intellectum

260 2604 636 2683 adjuvandum
655 2591 890 2660 maxime
924 2604 1222 2676 conferret,
1254 2603 1488 2680 eleganti
1512 2625 1644 2659 cura
1669 2604 1985 2681 depromsit.

337 2705 527 2777 Quum
546 2717 750 2776 textus,
781 2725 944 2780 quem
972 2705 1182 2776 dicunt,
1205 2705 1318 2780 jam
1347 2716 1474 2760 ante
1499 2705 1828 2760 constitutus
1853 2717 1990 2760 esset

263 2824 427 2879 quam
453 2803 757 2860 adnotandi
782 2805 1026 2860 Lucretii
1048 2805 1392 2880 provinciam
1415 2803 1832 2859 honestissimus
1853 2804 1990 2859 mihi

263 2902 499 2959 traderet
523 2903 717 2975 editor,
734 2924 767 2959 a
784 2905 987 2959 criticis
1013 2905 1157 2959 notis
1179 2916 1232 2959 et
1261 2903 1559 2958 lectionum
1583 2904 1844 2957 varietate
1860 2903 1991 2958 affe-

265 2999 436 3057 renda
457 3042 471 3071 ,
506 3003 611 3057 nisi
645 3003 739 3058 ubi
769 3004 1050 3059 sententiae
1074 3002 1368 3058 difficultas
1393 3013 1446 3057 et
1468 3000 1781 3078 corruptela
1806 3003 1990 3058 crisim

207 3154 209 3157 ,
268 3101 446 3157 facere
469 3120 557 3156 me
583 3102 869 3177 juberent,
900 3124 1126 3180 prorsus
1150 3103 1408 3158 abstinui.
1428 3100 1531 3159 Vel
1556 3102 1631 3156 sic
1666 3113 1878 3174 tamen,
1909 3123 1983 3158 ex·

337 3279 358 3302 ¹⁶
387 3279 579 3340 Forbig.
595 3314 606 3336 ,
640 3282 817 3326 Lucret.
834 3317 846 3340 ,
869 3297 915 3342 p.
941 3298 1077 3340 xmx,
1101 3292 1199 3327 not.
1241 3296 1311 3341 19.
1740 3342 1756 3375 1
