2320 3866
820 264 887 308 IN
917 263 1298 310 LUCRETIUM.
1822 269 1910 316 335

211 362 271 407 ab
291 361 455 408 incolis
477 361 709 408 desertum
724 395 738 419 ,
759 374 846 405 nec
865 358 1062 418 propius
1085 359 1146 405 ad
1163 359 1358 406 Helicen
1382 369 1428 406 et
1455 362 1634 420 Buran,
1657 378 1762 424 quae
1791 379 1913 424 pro-
1996 375 2000 378 ’

210 437 312 496 prie
344 446 476 483 terrae
495 447 630 483 motu
659 436 948 490 delebantur,
975 449 1118 494 quam
1139 436 1329 498 AEgium
1341 446 1359 495 ,·
1376 437 1531 484 situm.

280 513 425 572 Quod
447 522 602 559 autem
626 520 758 558 terrae
782 517 936 554 motus
956 508 1034 554 hic
1057 521 1441 561 commemoratos
1467 511 1655 572 attinet,
1685 512 1744 558 de
1773 513 1913 572 phoe-

176 584 181 589 ”
210 589 335 634 nicio
371 589 429 634 cf.
462 590 656 646 Srnsn„
695 603 740 645 1,
762 601 810 645 p.
845 583 934 643 58,
957 593 1098 646 atque
1124 588 1336 646 Jusrm„
1362 603 1514 645 xvnx,
1545 589 1600 647 33
1638 588 1698 634 de
1729 588 1915 633 achaico

214 680 325 710 vero
341 666 587 722 Aius-rom,
608 658 820 716 Mete'or„
835 676 904 718 11,
935 660 988 719 83
1011 654 1225 707 eumdem
1240 663 1300 707 de
1322 663 1528 717 Mundo,
1552 679 1592 708 c.
1618 670 1670 722 43
1695 672 1741 709 et
1756 662 1917 721 Ovm„

213 742 329 786 Met.
338 774 355 796 ,
378 757 456 800 xv,
488 742 596 802 293.

275 819 458 863 Horror·
474 815 535 881 (v.
554 812 679 877 592).
704 834 724 855 «
743 814 1000 859 Horrorem
1021 810 1180 876 (voco)
1197 812 1283 857 ubi
1297 820 1450 857 totum
1473 828 1644 873 corpus
1658 814 1878 861 intremit.
1896 835 1916 856 »

209 896 405 952 ansus,
435 909 525 949 111,
549 891 602 948 3,
624 891 684 934 de
713 890 946 934 Febr-ibus.

276 966 337 1032 (v.
370 965 500 1031 599.)
538 985 558 1006 α
573 966 720 1027 quue
741 979 946 1024 :nempe
978 964 1048 1017 id,
1081 964 1208 1024 quod
1226 963 1360 1007 hiatu
1378 964 1552 1024 fecen‘t
1571 980 1587 1008 .·
1607 980 1717 1010 nam
1740 965 1799 1011 de
1824 981 1919 1010 no-

210 1045 332 1090 mine
360 1044 538 1088 hiatum
560 1042 610 1087 in
632 1057 741 1087 casu
763 1050 893 1087 recto
913 1039 1144 1087 nihildum
1168 1040 1425 1100 comperire
1451 1041 1594 1101 quivi.
1618 1042 1779 1087 Lamb.
1802 1058 1920 1103 pro-

207 1119 366 1180 posuit
381 1120 549 1180 imque,
575 1119 659 1164 sed
681 1118 859 1179 absque
872 1117 1009 1163 codd.
1028 1111 1075 1162 et
1098 1116 1434 1162 consuetudine
1448 1116 1702 1163 Lucretii.»
1715 1120 1917 1165 WAKEF.

272 1196 402 1240 Licet
414 1193 706 1259 quamvis-(v.
725 1191 853 1258 600).
878 1196 915 1239 I.
940 1210 979 1239 e.
994 1210 1094 1238 non
1114 1193 1385 1253 interpono,
1403 1194 1680 1255 quominus,
1702 1193 1752 1238 in
1776 1209 1921 1255 quan-

208 1283 307 1317 tum
327 1271 462 1330 velis,
483 1281 675 1318 reantur
689 1273 856 1317 coelum
870 1286 923 1317 ac
934 1279 1103 1316 terram
1119 1285 1214 1316 esse
1228 1269 1518 1316 immortalia.
1537 1271 1604 1317 Cf.
1630 1272 1731 1317 C1c.
1746 1305 1760 1329 ,
1771 1272 1890 1317 Loel.
1898 1304 1916 1327 ,

208 1365 248 1394 c.
270 1353 412 1406 11,§
446 1350 533 1406 733
558 1350 618 1394 de
648 1351 777 1410 Leg„
811 1364 902 1406 111,
940 1350 1067 1405 10‚§
1098 1353 1185 1405 24,
1212 1356 1257 1392 et
1283 1348 1343 1391 de
1371 1348 1431 1392 N.
1457 1350 1536 1401 D„
1570 1364 1649 1405 111,
1682 1348 1769 1405 36,
1793 1351 1817 1405 S
1841 1347 1918 1399 88.

277 1426 378 1483 Quo
393 1423 653 1484 tantu'suat
684 1422 747 1488 (v.
773 1420 905 1487 609).
928 1422 1109 1469 Wakes.
1134 1439 1193 1469 ex
1218 1422 1435 1469 omnibus
1463 1423 1593 1470 libris
1610 1424 1813 1471 restituit
1832 1440 1921 1485 quo

207 1502 273 1546 sit
295 1511 462 1546 tantus.

275 1574 337 1640 (v.
362 1575 493 1641 619.)
521 1579 682 1623 Graeca
708 1576 862 1623 forma
893 1578 1059 1638 pelage
1083 1573 1279 1640 (πελάγη)
1310 1576 1407 1634 jam
1429 1575 1581 1621 adfuit
1610 1592 1656 1634 v,
1688 1577 1748 1623 36
1776 1594 1787 1622 :

380 1697 546 1748 Propter
567 1694 807 1734 Atlan⁰taeum
823 1692 937 1742 litus,
957 1692 1174 1746 Pelageque
1193 1705 1339 1732 severa.

278 1794 553 1840 Substracta.
587 1793 680 1839 Alii
700 1793 875 1839 rectius
894 1793 1143 1838 substrata.
1186 1807 1189 1809 ’

275 1874 448 1918 Versus
473 1872 697 1933 636-639
718 1871 798 1918 vix
815 1887 914 1917 una
928 1874 1173 1932 alteraque
1194 1885 1311 1916 voce
1332 1872 1521 1930 variati,
1541 1871 1763 1933 leguntur
1786 1872 1922 1921 etiam

210 1966 254 2008 v,
284 1950 520 2007 270-273.
940 2005 942 2008 Ι

269 2022 337 2088 (v.
367 2021 497 2088 641.)
526 2026 701 2070 Versus
727 2023 1128 2084 corruptissimus,
1161 2022 1245 2083 qui
1277 2022 1573 2082 conjectandi
1600 2025 1746 2069 latum
1775 2024 1925 2084 aperit

210 2115 438 2160 eampum.
464 2099 628 2145 Faber.
661 2098 784 2158 conj.
807 2100 889 2143 dia
914 2100 973 2144 de
996 2101 1132 2144 clade
1155 2107 1333 2154 coorta,
1363 2114 1506 2159 quain
1536 2098 1811 2156 lectionem,
1838 2108 1924 2145 ut-

208 2183 321 2235 pote
344 2173 606 2220 facillimam
628 2182 674 2219 et
699 2174 980 2234 aptissimam
1007 2190 1114 2220 cum
1138 2176 1332 2219 Haverc.
1358 2182 1403 2218 et
1429 2173 1727 2220 Eichstaedtio
1748 2174 1925 2235 recepit

209 2251 450 2314 Forbiger.
464 2287 477 2310 ,
498 2259 554 2296 ut
574 2266 733 2296 sensus
755 2250 813 2296 sit
835 2266 847 2296 :
873 2252 1145 2308 Quaeramus
1169 2266 1296 2296 nunc
1322 2250 1439 2311 quid
1463 2258 1610 2296 causae
1632 2251 1690 2296 sit
1715 2268 1800 2297 cur
1814 2251 1926 2298 olim

210 2314 500 2373 flammarum
521 2335 767 2387 tempestas
789 2335 938 2372 totam
959 2326 1158 2372 Siciliam
1179 2326 1482 2387 pervastarit3
1508 2342 1662 2387 neque
1687 2327 1808 2374 enim
1828 2344 1926 2388 pu-

183 2419 185 2421 ’
209 2404 403 2450 tandum
435 2412 503 2450 est
534 2404 649 2450 deos
677 2412 854 2449 tantam
882 2404 980 2448 vim
1003 2403 1209 2451 incendii
1230 2403 1280 2448 in
1304 2402 1503 2449 insulam
1531 2403 1819 2464 importasse.

285 2482 438 2540 Quam
461 2481 726 2526 multesima
750 2478 814 2543 (v.
841 2478 970 2544 651).
996 2483 1187 2538 «Quam
1215 2495 1380 2540 parva,
1403 2479 1442 2525 si
1469 2495 1575 2524 cum
1603 2488 1706 2525 toto
1731 2495 1927 2541 compa-

210 2565 354 2602 retur.
381 2557 654 2601 Multesima
679 2573 800 2617 pars
830 2565 897 2603 est
926 2572 1005 2615 ea,
1044 2557 1119 2603 cui
1154 2559 1311 2602 multae
1341 2557 1519 2602 debent
1551 2571 1647 2602 esse
1683 2573 1818 2616 pares
1844 2567 1926 2604 aut

211 2632 391 2691 similes,
405 2633 469 2679 ad
485 2633 864 2679 constituendum
890 2642 1058 2693 totum.
1081 2642 1303 2684 nonoov‘ov
1330 2642 1444 2697 μέρος
1467 2634 1705 2693 appellant
1722 2634 1884 2679 Graeci.
1905 2654 1924 2674 „

747 2719 751 2722 ’
1120 2754 1124 2762 ,
1617 2710 1824 2754 LAMBm.

276 2783 417 2830 Sacer
433 2786 555 2846 ignis
594 2783 657 2850 (v.
686 2785 814 2850 660).
849 2806 868 2829 «
887 2786 1015 2848 Ignis
1046 2801 1175 2832 sacer
1202 2784 1334 2831 malis
1363 2785 1600 2831 ulceribus
1632 2787 1926 2833 amnunerari

212 2860 368 2906 debet.
386 2881 406 2902 n
436 2863 637 2921 Cusus,
666 2878 711 2920 v,
740 2862 815 2907 28.
1586 2855 1588 2857 ¹

282 2937 592 2998 Suppeditare
616 2936 678 3002 (v.
706 2936 837 3003 666).
862 2928 1091 2985 Absolute
1113 2953 1201 2998 pro
1228 2947 1485 2997 suppetere.
1512 2937 1622 2984 Vid.
1658 2938 1718 2984 ad
1748 2956 1782 2998 1,
1818 2941 1924 2995 548.

254 3076 256 3079 v
289 3014 381 3071 Qui
401 3029 493 3060 non
519 3025 589 3059 est
613 3013 675 3078 (v.
700 3013 830 3078 674).
852 3016 927 3062 Sic
963 3017 1106 3078 vulgo
1129 3015 1286 3060 editur
1313 3029 1371 3059 ex
1392 3015 1607 3060 Lambini
1641 3016 1923 3075 conjectura.

215 3089 410 3134 Haverc.
438 3098 593 3135 autem
620 3099 747 3135 recte
772 3106 830 3136 ex
858 3092 1075 3137 omnibus
1096 3090 1226 3136 libris
1247 3090 1449 3135 restituit
1473 3092 1553 3151 qui
1574 3091 1714 3147 visus,
1741 3100 1795 3136 ut
1815 3108 1925 3137 sen-

216 3180 293 3210 sus
319 3164 377 3211 sit
400 3182 411 3210 :
442 3166 608 3215 Omnis
640 3164 811 3212 fluvius
827 3202 840 3224 ,
872 3170 1140 3229 quicumque
1161 3168 1221 3211 sit
1254 3167 1313 3213 ab
1338 3166 1496 3228 aliquo
1526 3178 1822 3229 compen-tm,
1856 3167 1927 3225 ei,

218 3240 299 3300 qui
312 3241 538 3299 majorem
562 3250 695 3288 antea
727 3258 825 3287 non
851 3243 992 3302 vidit,
1018 3243 1244 3289 maximus
1267 3243 1466 3289 videtur.
