2320 3866
433 245 522 290 336
1037 241 1519 288 ADNOTATIONES

495 341 561 385 Et
585 346 835 400 penetrare
873 337 1078 385 animam
1118 334 1189 398 (v.
1225 334 1360 399 698).
1403 337 1478 383 Sic
1519 351 1576 382 ex
1607 338 1813 384 Creechii
1850 340 2128 400 conjectura.

430 415 580 462 Codd.
608 423 762 460 autem
784 413 1005 458 exhibent
1035 428 1046 456 :

599 523 647 560 Et
669 527 873 574 penetrare
894 519 1012 570 mari,
1033 519 1188 574 penitus
1205 532 1268 559 res
1285 518 1410 572 cogit,
1433 527 1593 574 ψει-ω’,

429 637 571 683 quam
599 621 845 666 lectionem
878 619 943 665 ita
980 619 1179 680 explicat
1209 618 1389 665 Wakef.
1420 635 1431 663 ε
1463 639 1484 661 «ι
1499 620 1757 664 Fatendum
1790 630 1862 666 est
1892 616 2016 684 (nam
2060 637 2132 666 res

425 698 527 758 ipsa
562 697 688 759 cogit
705 694 875 759 fateri)
905 698 1146 757 speluncas
1177 689 1312 741 hasce
1346 696 1410 740 ire
1445 703 1490 741 et
1509 706 1761 755 penetrare
1789 697 1881 741 hac
1912 696 1988 742 via
2018 694 2133 761 (per

425 775 604 820 radices
634 773 806 820 montis
834 773 1007 819 scilicet
1036 789 1186 834 usque
1208 773 1268 818 ad
1288 772 1547 833 posituram
1575 773 1777 818 faucium
1809 789 1946 833 supra
1965 773 2129 833 Jacen-

425 848 561 912 tium)
585 850 710 895 mari‘
734 859 899 909 aperto
908 883 924 904 ,
955 850 1036 894 has
1066 850 1307 910 speluncas
1336 847 1432 894 sine
1457 848 1797 910 impedimentis
1826 848 1992 909 utique
2021 864 2134 909 per-

423 936 630 984 meante,
655 935 795 987 atque
822 924 981 972 efflare
1003 927 1147 983 foras,
1169 926 1199 970 i.
1216 942 1255 972 e.
1279 925 1480 971 marinos
1504 925 1696 984 fluctus,
1718 942 1838 988 quos
1863 925 2134 972 imbiberint

426 1000 675 1065 (speluncae
703 999 1003 1063 memoratae).
1036 1021 1056 1058 »

495 1076 735 1137 Ventigeni
755 1074 816 1138 (v.
845 1073 971 1138 701).
1003 1076 1212 1121 Turnebi
1235 1085 1303 1121 est
1331 1076 1600 1133 conjectura
1622 1091 1726 1136 quae
1747 1092 1833 1137 per
1854 1079 2133 1125 Lambinum

423 1151 624 1213 vulgaris
650 1150 788 1196 lectio
821 1149 942 1195 facta
975 1159 1056 1195 est.
1096 1150 1278 1196 Wakef.
1314 1159 1466 1196 autem
1490 1165 1548 1194 ex
1577 1150 1665 1196 alia
1691 1151 1899 1209 ejusdem
1925 1154 2134 1200 Turnebi

424 1227 694 1286 conjectura
713 1234 838 1272 recte
870 1225 1018 1271 edidit
1050 1228 1218 1272 vertice
1254 1227 1403 1282 enim,
1434 1225 1567 1287 quod
1602 1241 1785 1272 sensum
1813 1228 1953 1289 longe
1979 1230 2135 1290 aptio-

423 1319 524 1349 rem
551 1303 741 1363 praebet.
1453 1360 1456 1361 ⁷

492 1381 631 1439 Quod
652 1380 807 1425 concio
827 1380 958 1424 dicat
973 1376 1034 1443 (v.
1063 1377 1188 1443 71⁰)·
1212 1381 1408 1426 Haverc.
1435 1394 1494 1425 ex
1517 1379 1669 1425 Vossii
1691 1379 1960 1439 conjectura
1983 1397 1994 1425 :
2013 1383 2138 1442 quod

422 1458 617 1518 contigit
628 1457 686 1502 ei.
1889 1492 1895 1498 .

493 1535 718 1594 Oppilare
748 1532 810 1597 (v.
837 1531 975 1597 725),
999 1537 1270 1580 Graecorum
1298 1540 1550 1597 ἐπιφράττειν
1576 1530 1742 1596 (quod
1761 1533 1972 1579 Lambin.
1995 1532 2136 1578 inter-

421 1620 634 1671 pretatur
665 1632 683 1652 «
703 1612 887 1656 obstare
919 1619 1142 1669 tanquam
1180 1612 1336 1654 multae
1365 1610 1470 1670 pilae
1502 1625 1587 1656 seu
1632 1612 1856 1656 columnae
1889 1610 2134 1656 confertim

423 1687 645 1747 appositae
662 1685 704 1750 n)
726 1687 917 1748 legitur,
939 1686 1077 1731 etiam
1106 1685 1156 1736 in
1189 1685 1282 1731 Cic.
1300 1720 1314 1742 ,
1338 1686 1491 1740 Phil„
1519 1702 1585 1743 11,
1612 1671 1665 1746 9.Ἰ
1853 1678 1855 1680 ’

490 1760 553 1825 (v.
587 1760 712 1824 728).
740 1763 907 1807 Forma
931 1761 1166 1821 proclivus
1200 1762 1406 1806 occurrit
1437 1761 1575 1806 etiam
1606 1761 1734 1821 apud
1765 1763 1948 1818 Vnum,
1977 1762 2033 1805 R.
2056 1761 2132 1815 R„

425 1855 496 1897 11,
523 1854 574 1896 2,
600 1854 656 1896 7;
681 1840 909 1895 Cunna,
932 1853 1069 1893 Lx1v,
1104 1852 1197 1895 270
1215 1853 1228 1896 ;
1249 1839 1424 1883 Pmur.
1442 1872 1456 1896 ,
1480 1839 1615 1892 Mil„
1641 1853 1706 1895 1v,
1739 1852 1787 1895 2,
1817 1852 1905 1895 273
1934 1838 2133 1894 Sznnc„

424 1917 651 1975 Apokol„
674 1931 722 1975 p.
749 1915 858 1961 833.

488 1992 755 2053 Principio,
781 1992 908 2052 quod
922 1993 1105 2036 Averna
1131 1988 1194 2054 (v.
1221 1986 1351 2053 740).
1379 1990 1510 2052 Virg.
1526 2025 1539 2049 ‚
1565 1990 1766 2045 AEneid.,
1791 2005 1867 2048 w,
1891 1990 2007 2049 237,
2030 1990 2131 2034 Lu-

428 2068 624 2113 cretium
651 2068 715 2113 sic
746 2068 952 2112 imitatus
982 2076 1050 2112 est
1073 2083 1086 2111 :

597 2177 789 2231 Spelunca
809 2177 885 2217 alta
903 2176 1001 2224 fuit,
1027 2183 1215 2230 vastoque
1235 2174 1415 2217 immanis
1437 2174 1569 2223 hiatu,

597 2250 789 2301 Scmpea,
812 2254 898 2287 tuta
913 2247 999 2286 lacu
1021 2245 1134 2299 nigro
1147 2275 1159 2294 ,
1179 2258 1466 2298 nemorumque
1488 2243 1680 2293 tenebris;

596 2319 725 2368 Quam
744 2329 861 2370 super
876 2315 985 2356 haud
1010 2316 1099 2355 ullae
1120 2322 1302 2368 poterant
1320 2315 1481 2368 impune
1503 2314 1676 2354 volantes

598 2384 780 2424 Tendere
799 2385 876 2424 iter
894 2384 1056 2438 pennis,
1080 2383 1167 2424 talis
1187 2397 1270 2423 sese
1291 2382 1436 2423 halitus
1457 2382 1550 2423 atris

595 2452 790 2493 Faucibus
812 2452 1016 2492 effundens
1037 2465 1177 2504 supera
1199 2452 1249 2491 ad
1272 2465 1445 2492 convexa
1466 2451 1637 2501 ferebat;

595 2522 694 2563 Inde
709 2522 842 2562 'locum
863 2521 973 2562 Graii
989 2520 1176 2561 dixerunt
1196 2521 1356 2560 nomine
1378 2524 1592 2562 Avernum.

488 2626 668 2668 Averno
700 2633 771 2668 est
803 2621 865 2686 (v.
897 2620 1024 2685 746).
1063 2621 1213 2668 Codd.
1245 2629 1291 2665 et
1322 2629 1432 2665 vett.
1466 2621 1597 2666 editt.
1621 2635 1781 2665 omnes
1812 2618 2135 2664 Avemiexhi-

423 2702 561 2757 bem,
593 2699 724 2761 quod
757 2707 884 2744 recte
911 2697 1114 2745 restituit
1145 2696 1324 2747 Wakef.

489 2765 689 2822 Versum
714 2781 803 2833 747
838 2790 897 2820 ex
918 2773 1125 2820 Salmasii
1156 2773 1425 2832 conjectura
1453 2771 1517 2816 sie
1548 2771 1788 2816 constituit
1810 2771 1989 2817 Wakef.
2017 2787 2031 2816 ε

599 2883 673 2924 Hic
694 2884 801 2924 loeus
818 2892 875 2924 est
896 2886 1039 2924 Cumas
1057 2882 1187 2937 apud3
1208 2881 1289 2922 acri
1306 2881 1450 2922 sulfure
1475 2888 1646 2931 montes,

426 2993 472 3029 et
494 2985 544 3028 in
565 3000 703 3032 versu
731 2994 955 3046 sequente
983 3001 1072 3045 pro
1102 2985 1249 3029 auctis
1265 2993 1391 3029 recte
1415 2982 1529 3046 legit
1551 2984 1687 3028 aucti.

493 3062 599 3106 Non
628 3078 766 3122 quum
780 3063 981 3122 sumant
1010 3063 1185 3107 altaria
1220 3062 1353 3106 donis
1379 3058 1439 3124 (v.
1468 3057 1598 3123 752).
1622 3081 1642 3101 «
1661 3061 1734 3106 Ita
1753 3060 1911 3105 locum
1927 3058 2133 3104 cornices

427 3146 710 3195 aversantur,
744 3147 824 3197 ut,
858 3138 943 3184 etsi
963 3138 1014 3188 in
1040 3154 1096 3184 eo
1124 3153 1252 3184 sacra
1274 3136 1414 3196 fiant,
1449 3153 1506 3183 ne
1533 3145 1634 3196 tum
1662 3136 1855 3198 quidem
1885 3135 2105 3182 advolent
2119 3159 2144 3193 ‚-

429 3214 724 3271 quantumvis
744 3215 952 3260 carnium
973 3215 1116 3262 nidor
1137 3215 1236 3261 illas
1260 3215 1319 3260 acl
1343 3231 1390 3260 se
1411 3213 1606 3260 invitare
1632 3214 1856 3260 videatur.
1876 3234 1895 3255 n
1923 3215 2132 3260 Cmmcn.
