2320 3866
163 315 214 365 (v.
241 313 377 363 1011.)
599 307 680 351 DE
715 303 938 349 RERUM
972 302 1223 346 NATURA
1259 302 1370 345 LIB.
1411 303 1463 346 V.
1766 302 1852 360 195

162 419 432 490 Castaque
461 412 684 489 privatae
714 405 941 462 Veneris
965 406 1234 460 connubia
1262 404 1384 460 laeta

162 515 396 593 Cognita
426 521 579 581 sunt,
606 503 918 584 prolemque
937 524 1003 560 ex
1028 525 1083 560 se
1119 504 1302 560 videre
1326 515 1587 571 creatam3
1636 517 1640 521 ’

109 625 136 693 J
161 617 303 670 Tum
329 630 499 690 genus
527 607 826 662 humanum
849 605 1086 680 primum
1118 602 1432 660 mollescere
1458 601 1619 677 coepit
1651 620 1663 655 ε

160 713 309 790 Ignis
331 710 475 766 enim
502 704 740 771 curavit,
767 714 828 758 ut
856 702 988 758 alsia
1017 724 1247 780 corpora
1272 702 1446 778 frigus

160 813 290 868 Non
325 810 400 864 ita
417 808 529 883 jam
555 815 772 880 possent
799 802 918 858 coeli
949 803 1048 858 sub
1075 803 1312 879 tegmine
1341 801 1508 864 ferre;

159 913 232 967 Et
262 911 446 965 Ve'nus
472 903 746 978 imminuit
778 904 949 970 vires,
983 903 1245 977 puerique
1269 910 1558 976 parentum

161 1004 443 1064 Blanditiis
472 1001 632 1058 facile
658 1002 940 1078 ingenium
972 999 1179 1078 fregere
1214 999 1530 1076 superbum.

162 1109 316 1162 Tunc
343 1114 396 1159 et
427 1103 718 1158 amicitiam
749 1112 1033 1182 coeperunt
1055 1101 1287 1177 jungere
1305 1142 1319 1171 ,
1349 1099 1612 1154 habentes

159 1205 414 1261 Finitima
439 1204 582 1258 inter
615 1221 702 1272 se,
731 1221 831 1256 nec
859 1199 1082 1272 laedere,
1113 1221 1216 1256 nec
1245 1198 1482 1271 violare;

157 1291 234 1361 Et*
258 1323 457 1380 pueros
492 1300 970 1370 commendarunt,
1001 1299 1375 1375 muliebreque
1404 1297 1647 1367 saeclum,

161 1403 404 1461 Vocibus
434 1414 488 1457 et
517 1413 674 1478 gestu
703 1421 875 1477 quum
905 1399 1066 1456 balbe
1098 1399 1495 1476 significarent,

162 1500 564 1558 Imbecillorum
590 1520 705 1556 esse
732 1520 947 1575 aequum
978 1499 1284 1554 misererier
1318 1499 1580 1554 omnium.

162 1604 290 1658 Non
326 1613 503 1656 tamen
536 1597 861 1656 omnimodis
892 1609 1110 1675 poterat
1140 1596 1431 1652 concordia
1460 1597 1641 1673 gigni3

164 1699 268 1755 Sed
299 1700 445 1755 bona
470 1717 775 1774 magnaque
803 1717 929 1772 pars
961 1696 1249 1751 servabant
1280 1695 1482 1751 foedera
1516 1696 1649 1752 casti
1677 1716 1689 1750 :

163 1798 272 1854 Aut
299 1817 468 1876 genus
500 1797 799 1852 humanum
825 1796 947 1871 jam>
973 1806 1089 1850 tum
1126 1794 1270 1851 foret
1298 1817 1460 1851 omne
1488 1806 1831 1874 peremptum

162 1898 276 1954 Nec
305 1896 570 1972 potuisset
595 1895 774 1951 adhuc
806 1894 1104 1972 perducere
1134 1894 1287 1952 saecla
1318 1916 1581 1973 propagO.

240 1998 310 2052 At
342 1996 520 2051 varios
546 1994 746 2074 linguae
773 1996 981 2051 sonitus
1011 1997 1222 2053 Natura
1254 1996 1468 2073 subegit

162 2096 415 2167 Mittere,
444 2107 499 2150 et
530 2094 735 2150 utilitas
765 2095 1026 2172 expressit
1053 2096 1276 2150 nomina
1305 2116 1522 2166 rerum;

161 2195 290 2252 Non
324 2191 430 2249 alia
450 2191 616 2271 longe
649 2194 887 2265 ratione,
920 2206 1083 2270 atque
1117 2195 1234 2270 ipsa
1264 2194 1505 2260 videtur·

162 2294 488 2351 Protrahere
513 2293 585 2350 ad
611 2305 821 2370 gestum
853 2313 1050 2371 pueros
1078 2294 1310 2350 infantia
1337 2293 1535 2372 linguae
1552 2338 1567 2367 ,

164 2394 353 2466 Quum
383 2392 542 2464 facit,
570 2404 633 2448 ut
655 2393 854 2470 digito,
883 2414 1003 2470 quae
1033 2395 1141 2451 sint
1169 2395 1485 2472 praesentia,
1518 2405 1828 2450 monstrent

166 2494 342 2550 Sentit
369 2493 515 2549 enim
542 2493 655 2548 vim
691 2494 918 2569 quisque
952 2514 1105 2553 suam
1122 2537 1137 2565 ,
1167 2485 1330 2570 quam
1359 2494 1530 2571 possit
1559 2494 1708 2550 abuti
1735 2516 1748 2550 ε

170 2595 393 2649 Cornua
424 2604 551 2648 nata
584 2593 735 2669 prius
765 2590 936 2649 vitulo
973 2613 1135 2669 quam
1165 2592 1436 2650 frontibus
1467 2602 1708 2665 exstent,

169 2690 282 2747 Illis
315 2692 482 2747 iratus
513 2692 679 2770 petit,
709 2704 871 2768 atque
903 2692 1144 2750 infensus
1175 2694 1409 2770 inurget.
1454 2751 1459 2754 ,

171 2794 244 2847 At
276 2789 440 2846 catuli
467 2792 858 2868 pantherarum
878 2836 892 2862 ‚
925 2795 1240 2871 scymnique
1276 2792 1496 2849 leonum

174 2889 463 2966 Unguibus
493 2911 556 2947 ac
581 2891 812 2968 pedibus
836 2894 949 2970 jam
976 2905 1093 2950 tum
1110 2937 1126 2967 ,
1160 2913 1456 2969 morsuque
1486 2904 1828 2970 repugnant,

174 2989 281 3045 Vix
311 2987 441 3043 dum
468 3009 635 3065 quum
664 2992 793 3068 ipsis
826 3005 952 3049 sunt
985 2993 1171 3050 dentes
1203 3012 1520 3069 unguesque
1548 2993 1713 3048 creati
1739 3014 1752 3047 ι

175 3086 418 3143 Alituum
443 3108 610 3164 porro
636 3110 805 3166 genus
836 3091 934 3149 alis
968 3114 1130 3150 omne
1159 3093 1405 3149 videmus

175 3185 366 3243 Fidere
385 3230 399 3259 ,
426 3199 478 3243 et
506 3209 538 3243 a
569 3191 761 3264 pennis
791 3193 1084 3250 tremulum
1115 3207 1297 3271 petere
1327 3192 1663 3249 auxiliatum.

252 3285 487 3342 Proinde
522 3299 714 3363 putare
739 3287 972 3365 aliquem
1003 3305 1117 3348 tum
1150 3293 1371 3349 nomina
1404 3293 1743 3350 distribuisse

1556 3391 1635 3448 13.
