2320 3866
359 226 448 271 302
958 224 1445 271 ADNOTATIONES

433 321 695 383 Coelumque
728 322 879 381 rigam
901 317 963 383 (v.
992 317 1126 385 203).
1151 320 1227 367 810
1249 336 1305 379 v,
1331 321 1450 382 593:

529 445 721 485 Tantulus
733 443 804 485 ille
823 451 940 498 queat
960 451 1113 484 tantum
1131 444 1188 483 sol
1206 444 1360 485 mittere
1378 445 1509 485 lumen
1523 475 1533 493 ‚

531 513 649 565 Quod
668 513 789 553 maria
808 527 852 553 ac
871 521 992 553 terras
1015 526 1151 552 omnes
1169 513 1387 566 coelumque
1407 513 1572 566 rigando

531 582 732 635 Compleat
745 612 756 631 ‚
776 589 815 622 et
834 581 961 622 calido
985 581 1196 635 perfundat
1215 589 1356 622 cuncta
1378 595 1536 636 vapore.

422 702 658 745 Emissum
688 697 749 763 (v.
787 700 878 745 206
890 698 920 764 ).
946 702 982 746 Ι.
1009 715 1048 746 e.
1074 670 1392 758 emissionem,
1415 699 1796 760 ejaculationem‚
1820 706 2028 764 ἀποῤῥοὴν.

422 778 677 822 Moerorum
700 774 762 840 (v.
790 775 915 841 221).
941 779 1032 822 Pro
1055 794 1288 834 murorum
1315 777 1506 823 dictum.
1533 777 1656 823 Vide
1679 777 1739 822 ad
1764 793 1808 835 1,
1835 777 1909 823 30.

420 858 626 900 Amaror
643 852 704 918 (v.
732 851 865 918 225).
890 854 964 900 Sic
987 854 1174 916 Virgil.,
1200 856 1363 916 Geotg.
1381 888 1397 910 ,
1426 871 1491 913 11,
1517 855 1608 910 246
1634 871 1646 900 :

529 983 583 1021 At
605 994 720 1034 sapor
742 980 931 1021 indicium
953 980 1069 1020 faciet
1091 979 1335 1029 manifestus,
1358 988 1397 1021 et
1420 993 1490 1021 ora

527 1049 673 1090 Tristia
691 1057 912 1089 tentantum
935 1062 1050 1089 sensu
1071 1049 1271 1102 torquebit
1290 1062 1457 1090 amaror.

354 1166 424 1212 Cf.
449 1182 644 1227 quoque
667 1169 906 1224 Ganos,
932 1183 977 1224 1,
1003 1182 1079 1211 21.

418 1238 439 1282 «³
462 1243 685 1287 Accidere
716 1244 785 1286 ad
815 1244 1020 1303 speciem
1053 1240 1116 1307 (v.
1157 1239 1272 1306 237)
1305 1243 1594 1303 interpretor
1630 1242 1699 1285 ad
1724 1244 1878 1287 oculos
1900 1259 2070 1304 perve—

354 1319 453 1364 nire
486 1327 533 1364 et
554 1327 683 1364 recte
707 1319 924 1380 quidem,
949 1336 1096 1382 quum
1118 1321 1298 1380 species
1318 1335 1363 1364 v.
1391 1320 1483 1375 243
1509 1319 1672 1365 0011105
1694 1317 1936 1380 significet.
1952 1340 1972 1361 »

1761 1396 1974 1440 Cuzncn.

421 1472 542 1516 Esse
573 1474 620 1518 in
647 1474 924 1536 imaginibus
954 1469 1016 1536 (v.
1044 1470 1180 1536 238).
1212 1473 1346 1519 Hanc
1377 1471 1573 1533 Epicuri
1595 1472 1869 1518 sententiam
1897 1473 1962 1518 ita
1986 1489 2069 1519 ex-

352 1548 496 1608 plicat
517 1551 574 1595 A.
595 1551 796 1610 Gellius,
813 1568 865 1610 v,
888 1551 943 1597 16
970 1567 982 1596 ε
1006 1570 1026 1591 «
1041 1551 1272 1611 Epicurus
1295 1558 1452 1596 autem
1473 1547 1668 1596 affluere
1690 1565 1875 1610 semper
1897 1566 1956 1596 ex
1979 1566 2076 1596 om—

353 1624 494 1671 nibus
530 1628 812 1688 corporibus
848 1628 1093 1674 simulacra
1127 1628 1341 1689 quaedam
1377 1643 1635 1688 corporum
1669 1627 1880 1688 ipsorum
1888 1662 1903 1686 ,
1927 1643 2076 1689 eaque

353 1717 452 1746 sese
474 1701 525 1745 in
547 1705 710 1749 oculos
731 1704 927 1763 inferre,
950 1712 1094 1765 atque
1115 1703 1182 1749 ita
1202 1702 1308 1749 fieri
1331 1719 1517 1749 sensum
1538 1703 1733 1750 videndi
1752 1713 1902 1764 putat.

418 1774 482 1841 (V-
515 1777 645 1844 240.)
674 1789 744 1829 Δεῖ
781 1784 830 1830 δὲ
856 1786 928 1830 καὶ
953 1788 1149 1845 νομίζειν,
1188 1788 1428 1836 ἐπεισιόντος
1455 1787 1558 1836 τινὸς
1586 1787 1667 1829 ἀπὸ
1699 1792 1776 1829 τῶν
1811 1787 1970 1839 ἔξωθεν,
2003 1786 2076 1835 τὰς

354 1860 506 1918 μορφὰς
527 1863 618 1919 ὁρᾷν
645 1866 752 1920 ἡμᾶς
777 1864 847 1906 καὶ
866 1859 1129 1906 διανοεῖσθαι·
1160 1865 1202 1907 οὐ
1218 1864 1294 1921 γὰρ
1319 1864 1366 1906 ἀν
1384 1863 1511 1911 ἄλλως
1535 1864 1886 1920 ἀποσφραγίσαιτο
1902 1862 1956 1905 τὰ
1984 1862 2075 1913 ἔξω·

354 1942 416 1980 θεν
446 1939 516 1985 τὴν
542 1940 692 1982 ἑαυτῶν
715 1941 848 1997 φύσιν,
870 1945 940 1983 τοῦ
962 1938 1008 1983 τε
1029 1940 1243 1998 χρώματος
1263 1939 1334 1984 καὶ
1354 1946 1426 1989 τῆς
1448 1945 1595 1998 μορφῆς
1617 1941 1644 1988 ἢ
1670 1936 1744 1982 διὰ
1774 1944 1844 1982 τοῦ
1872 1940 1982 1997 ἀέρος
2006 1944 2075 1982 τοῦ

360 2014 512 2071 μεταξὺ
547 2019 659 2073 ἡμῶν
689 2034 734 2059 τε
747 2019 977 2074 Χκᾳκείνων,
998 2016 1069 2060 καὶ
1102 2013 1176 2060 διὰ
1197 2024 1276 2059 τῶν
1304 2018 1495 2070 ἀκτίνων,
1526 2018 1553 2065 ἢ
1578 2017 1664 2059 οἴων
1690 2012 1847 2062 δήποτε
1870 2015 2075 2073 ῥευμάτων

354 2091 422 2148 ἀφ’
451 2094 563 2150 ἡμῶν
592 2094 688 2150 πρὸς
712 2095 844 2137 ἐκεῖνοι
879 2095 1232 2152 παραγινομένων,
1267 2095 1374 2136 ὥστε
1398 2096 1489 2151 ὁρᾷν
1506 2095 1633 2150 ἡμᾶς,
1654 2094 1789 2135 τύπων
1812 2098 1929 2135 τινῶν
1949 2094 2080 2135 ἐπεισ-

359 2169 493 2212 ιόντων
520 2171 615 2227 ’ἡμῖν
649 2171 730 2213 ἀπὸ
760 2176 839 2214 τῶν
863 2172 1132 2229 πραγμάτων,
1161 2170 1243 2214 ἀπὸ
1273 2176 1398 2228 χροῶν
1415 2186 1462 2213 τε
1489 2169 1559 2213 καὶ
1583 2170 1874 2228 ὁμοιομόρφων,
1898 2169 2008 2212 κατὰ
2031 2171 2077 2212 τὸ

359 2245 598 2303 ἐνάρμοττον
624 2248 805 2305 μέγεθος,
830 2248 881 2297 εἰς
894 2249 966 2295 τὴν
993 2248 1077 2305 ὄψιν
1093 2249 1120 2296 ἢ
1142 2248 1214 2295 τὴν
1231 2243 1413 2290 διάνοιαν
1431 2238 1562 2296 ὠκέως
1590 2247 1681 2296 ταῖς
1701 2247 1836 2304 φοραῖς
1854 2250 2078 2304 χρωμένων.

354 2315 601 2361 ΕΡ10111105
624 2318 694 2361 ad
717 2319 889 2362 Herod.
908 2351 923 2372 ,
957 2322 982 2375 §
1008 2323 1085 2378 49.

421 2393 520 2437 Per
535 2389 598 2456 (v.
625 2391 754 2457 249).
778 2393 1071 2439 Wakefieldo
1094 2393 1243 2455 magis
1264 2394 1514 2454 placuisset
1534 2394 1643 2449 sub,
1661 2402 1716 2438 ut
1737 2407 1896 2438 sensus
1924 2399 2043 2437 esset
2065 2408 2077 2434 ε

354 2470 531 2529 «Isque
566 2468 632 2514 ita
665 2485 745 2515 aer
778 2470 952 2528 omnis,
985 2470 1120 2529 cujus
1151 2486 1244 2531 ope
1277 2471 1385 2516 ferit
1423 2472 1588 2517 oculos
1614 2470 1795 2532 imagO,
1828 2484 1917 2529 per
1939 2483 2078 2513 0111110

355 2548 651 2593 intervallum
670 2549 846 2596 labitur
876 2566 1028 2610 usque
1051 2550 1114 2595 ad
1134 2558 1317 2594 nostras
1339 2550 1473 2597 acies.
1499 2570 1520 2592 1>

428 2627 673 2671 Unversum
698 2623 761 2690 (v.
781 2625 918 2691 263).
940 2625 1187 2686 Ejusmodi
1209 2642 1437 2688 syncopes
1453 2620 1666 2687 exempla
1688 2625 1738 2670 in
1759 2623 2081 2686 antiquissima

355 2703 680 2747 Romanorum
701 2703 835 2763 poesi
854 2703 985 2748 haud
1006 2696 1125 2748 rarsi.
1142 2702 1218 2748 Sic
1241 2702 1369 2762 apud
1390 2702 1616 2760 Ennium,
1640 2703 1769 2747 Med.
1787 2735 1803 2757 ‚
1830 2718 1895 2759 11,
1918 2716 1937 2745 1
1956 2735 1970 2758 ‚
1998 2701 2080 2757 18,

357 2788 619 2839 optumates
644 2788 915 2844 τρισυλλάβως
938 2789 985 2826 et
1007 2779 1120 2826 alibi
1141 2795 1323 2840 semper
1347 2780 1550 2840 virgines
1582 2782 1863 2838 δισσυλλάβως
1892 2777 2079 2822 inveni-

356 2862 450 2912 tur,
473 2863 527 2900 ut
547 2854 598 2899 in
619 2855 710 2900 alio
735 2856 835 2915 ejus
857 2851 1120 2918 fragmento
1142 2857 1351 2917 captibus
1372 2871 1462 2916 pro
1486 2855 1737 2916 capitibus,
1765 2864 1852 2901 etc.

424 2933 560 2977 Nunc
591 2948 707 2994 age,
733 2943 819 2978 etc.
845 2931 907 2997 (v.
935 2932 1063 2998 270).
1095 2936 1305 2979 «Rerum
1340 2933 1564 2994 imagines
1588 2948 1613 2977 a
1637 2933 1813 2993 speculi
1835 2930 2081 3003 superficie

359 3010 687 3068 repulsae‚non
697 3009 917 3055 videntur
940 3010 989 3055 in
1011 3010 1098 3056 ista
1120 3008 1366 3071 superficie
1379 3045 1392 3068 ,
1417 3009 1500 3055 sed
1522 3009 1647 3054 intus
1671 3009 1806 3070 quasi
1831 3007 1942 3054 etin
1961 3023 2080 3068 pro-

360 3084 525 3130 fundo.
548 3086 654 3130 Hoc
675 3101 789 3131 vero
811 3102 856 3130 v.
884 3087 943 3132 23
984 3086 1185 3148 explicat
1217 3096 1360 3147 poeta
1384 3103 1395 3131 :
1421 3095 1649 3147 quantum
1671 3100 1746 3131 res
1777 3084 1884 3130 visae
1908 3083 2082 3129 distant

362 3159 422 3203 ab
446 3161 610 3218 oculo,
633 3162 933 3223 cognoscitur
960 3179 1047 3224 per
1069 3165 1316 3225 appulsum
1340 3163 1456 3208 aeris
1485 3164 1545 3208 ab
1573 3161 1783 3223 imagine.
1801 3161 1863 3207 ad
1893 3161 2081 3206 oculum

359 3236 589 3295 protrusi3
612 3238 695 3282 ubi
728 3238 871 3299 igitur
895 3240 1072 3301 duplex
1105 3256 1183 3286 aer
1203 3240 1526 3302 protruditur,
1559 3239 1853 3285 intervallum
1885 3251 2077 3297 quoquc
