2300 3926
418 310 479 355 63
977 311 1030 354 Τ.
1068 309 1360 355 LUCRETII
1394 309 1534 352 CARI
1934 308 1984 357 (v.
2004 309 2116 359 860.)

419 415 619 477 Omnia
649 414 757 469 sint
785 435 817 469 a
846 413 1124 489 principiis
1152 411 1395 486 sejuncta
1424 430 1640 466 necesse
1659 420 1768 479 est,

417 512 753 569 Immortalia
774 514 817 568 si
848 511 1098 567 volumus
1127 511 1455 586 subjungere
1485 511 1644 565 rebus

418 611 818 683 Fundamenta,
850 610 1046 686 quibus
1077 610 1284 664 nitatur
1314 628 1525 664 summa
1554 607 1771 678 salutis;

418 712 503 767 Ne
534 711 631 765 tibi
656 696 744 766 res
771 709 995 764 redeant
1024 707 1093 763 ad
1119 706 1292 762 nilum
1322 706 1570 763 funditus
1597 727 1800 763 omneS.

499 811 660 867 Nunc
687 830 750 864 ea
779 829 898 884 quae
921 807 1119 864 sentire
1145 807 1392 863 videmus
1421 827 1663 882 cunque,
1687 826 1901 862 necesse
1929 818 2010 862 est

418 911 499 965 Ex
529 907 874 964 insensilibus
904 919 1086 963 tamen
1116 907 1300 963 omnia
1330 905 1623 961 confiteare
1692 895 1698 899 ’

417 1008 703 1083 Principiis
732 1018 976 1062 constare
1013 1028 1025 1062 :
1055 1027 1230 1082 neque
1260 1005 1316 1061 id
1343 1006 1627 1061 manifesta
1655 1005 1923 1076 refutant,

419 1105 536 1163 Nec
567 1117 759 1160 contra
789 1118 1060 1181 pugnant,
1084 1107 1144 1160 in
1174 1118 1435 1181 promptu
1468 1105 1689 1182 cognita
1714 1126 1834 1181 quae
1863 1118 2016 1161 sunt:

420 1203 526 1259 Sed
558 1204 728 1279 magis
758 1204 874 1279 ipsa
903 1224 1071 1259 manu
1104 1204 1313 1260 ducunt
1342 1216 1397 1259 et
1425 1204 1645 1259 credere
1665 1217 1904 1280 cogunt,

420 1305 503 1357 Ex
537 1300 881 1356 insensilibus
900 1345 915 1373 ‚
945 1302 1094 1376 quod
1121 1302 1273 1374 dico,
1301 1300 1558 1357 animal-ia
1587 1303 1751 1377 gigni.

421 1402 643 1478 Quippe
671 1401 857 1456 videre
886 1400 1012 1457 licet
1030 1442 1045 1471 ,
1077 1402 1228 1458 vivos
1261 1400 1518 1455 exsistere
1546 1419 1756 1455 vermes

414 1503 670 1564 Stercore
699 1500 766 1555 de
796 1511 964 1571 tetro,
990 1511 1278 1576 putrorem
1308 1519 1480 1575 quum
1510 1498 1611 1554 sibi
1631 1510 1801 1565 *nacta
1830 1512 1912 1555 est

423 1600 828 1676 Intempestivis
857 1620 928 1670 ex*
955 1599 1222 1654 imbribus
1250 1598 1476 1654 humida
1506 1597 1698 1654 tellus:

424 1701 692 1754 Praeterea
721 1710 941 1754 cunctas
972 1697 1162 1753 itidem
1190 1718 1276 1753 res
1306 1709 1518 1753 vertere
1549 1717 1678 1753 sese.

425 1800 667 1854 Vertunt
695 1818 752 1853 se
781 1797 970 1868 fluvii,
1001 1797 1246 1867 frondeS,
1277 1809 1332 1852 et
1359 1794 1558 1874 pabula
1579 1796 1700 1876 laeta

426 1899 491 1952 In
521 1897 756 1972 pecudes
785 1918 797 1951 ε
832 1908 1056 1952 vertunt
1085 1895 1320 1972 pecudes
1348 1896 1406 1951 in
1437 1916 1668 1972 corpora
1696 1908 1881 1951 nostra

427 1998 728 2067 Naturam3
759 2008 813 2051 et
845 2008 1034 2052 nostro
1060 1995 1126 2051 de
1153 2016 1384 2072 corpore
1414 2015 1554 2071 saepe
1584 1996 1824 2052 ferarum

428 2098 744 2172 Augescunt
770 2098 937 2168 vires,
975 2109 1029 2152 et
1058 2117 1292 2173 corpora
1323 2098 1799 2173 pennipotentum.

513 2197 662 2270 Ergo
692 2215 880 2250 omnes
910 2198 1127 2252 Natura
1155 2196 1303 2250 cibos
1334 2197 1391 2250 in
1421 2216 1651 2272 corpora
1675 2198 1796 2252 viva

430 2294 634 2365 Vertit,
666 2307 720 2348 et
746 2295 874 2350 hinc
904 2315 1094 2350 sensus
1124 2294 1469 2350 animantum
1499 2308 1750 2371 procreat
1777 2317 2004 2354 omnes:

431 2395 560 2450 Non
589 2391 694 2447 alia
728 2391 889 2468 longe
918 2394 1130 2448 ratione
1161 2387 1325 2467 atque
1357 2393 1510 2449 arida
1538 2393 1687 2470 ligna

433 2490 682 2568 Explicat
711 2493 768 2546 in
797 2491 1041 2547 flammas
1062 2534 1076 2561 ‚
1107 2504 1163 2546 et
1192 2493 1247 2546 in
1278 2493 1430 2567 ignes
1461 2495 1644 2548 omnia
1674 2505 1868 2549 versat.

433 2596 624 2649 Iamne
651 2592 800 2647 vides
829 2592 1020 2668 igitur,
1047 2593 1231 2668 magni
1259 2591 1559 2667 primordia
1592 2613 1778 2648 rerum

433 2691 658 2748 Referre
690 2692 746 2746 in
781 2690 930 2767 quali
956 2693 1065 2747 sint
1094 2691 1286 2746 ordine
1315 2707 1544 2767 quaeque
1574 2690 1779 2747 locata:

434 2795 505 2849 Et
537 2792 821 2847 commista
851 2792 1046 2867 quibus
1077 2791 1208 2846 dent
1235 2802 1415 2847 motus
1443 2791 1861 2868 accipiantque?

436 2892 579 2946 Tum
609 2910 774 2967 porro
801 2890 935 2966 quid
963 2890 1019 2946 id
1043 2902 1123 2946 est
1157 2892 1400 2946 animum
1433 2891 1581 2966 quod
1610 2893 1845 2966 percutit
1878 2891 2099 2968 ipsum?

437 2989 605 3063 Quod
629 2989 843 3046 movet?
871 3001 926 3046 et
945 2991 1124 3046 varios
1154 3011 1342 3046 sensus
1373 3011 1692 3067 expromere
1726 2990 1909 3068 cogit?

437 3091 519 3145 Ex
547 3088 892 3145 insensilibus
924 3090 982 3145 ni
1016 3089 1202 3145 credas
1230 3086 1424 3145 sensile
1459 3075 1649 3167 gigni?

519 3188 796 3246 Nimirum
813 3230 829 3260 ,
858 3187 1064 3266 lapides
1098 3201 1152 3244 et
1184 3186 1332 3265 ligna
1357 3200 1412 3244 et
1439 3200 1586 3244 terra
1621 3207 1837 3264 quoque
1863 3207 1970 3242 una

431 3285 636 3357 Misia,
665 3277 848 3344 tamen
878 3301 1161 3365 nequeunt
1189 3287 1412 3344 vitalem
1439 3287 1666 3343 reddere
1697 3284 1929 3341 sensum.
