2358 3952
419 289 450 302 ‘A
453 289 553 302 ”uu
556 288 867 303 {QSMURQMQ
870 289 1856 309 ἣἎἊἏΜΝᾸἏὶΩἊὯΜἊἊὶΊΜἎἉἏΜΏΜ
1859 295 1909 309 m
1912 297 2078 313 W*
2081 300 2110 314 u

416 485 847 556 VETERUM
883 485 1466 555 SCRIPTORUM
1501 415 1623 556 mv,
1656 488 2111 559 LUCRETIO

923 665 1644 753 TESTIMONIA.

860 1134 1100 1203 CICERO,
1134 1132 1218 1188 ad
1241 1134 1453 1208 Q.fr.‚
1485 1154 1563 1204 11,
1604 1154 1689 1189 12.

483 1270 689 1314 Lucretii
716 1280 958 1329 poemata,
990 1280 1044 1315 ut
1077 1272 1263 1330 scribis,
1290 1273 1356 1317 ita
1388 1282 1526 1318 sunt:
1557 1258 1656 1318 noxi
1678 1273 1834 1318 multis
1876 1273 2128 1320 luminibus

417 1347 619 1408 ingenii,
645 1348 799 1392 multae
822 1356 977 1392 tamen
1010 1348 1132 1393 artis.
1664 1343 1668 1346 ’

787 1481 967 1535 ConN.
998 1478 1212 1549 NEPOS,
1239 1479 1294 1534 ιή
1326 1481 1550 1550 Attica,
1570 1477 1628 1536 ⁴e.
1670 1502 1755 1537 12.

483 1618 616 1664 Idem
638 1619 690 1664 L.
716 1619 891 1667 Julium
916 1619 1151 1676 Calidum,
1172 1634 1312 1681 quem
1337 1630 1446 1681 post
1476 1621 1682 1666 Lucretii
1709 1619 1970 1680 Catullique
1998 1635 2132 1664 mor-

421 1702 514 1740 tem
537 1695 687 1740 multo
710 1694 1096 1756 elegantissimum
1109 1703 1298 1755 poetam
1322 1703 1531 1741 nostram
1553 1697 1709 1742 tulisse
1731 1704 1909 1741 aetatem
1930 1710 2040 1740 vere
2054 1695 2131 1739 vi-

422 1771 540 1817 deor
580 1787 718 1832 posse
762 1769 1074 1830 contendere,
1120 1773 1170 1817 in
1206 1772 1585 1833 proscriptorum
1624 1788 1872 1818 numerum
1910 1774 2137 1828 relatum,

423 1847 674 1909 expedivit.

748 1981 1067 2036 Vrrlmvms
1088 2022 1102 2050 ,
1149 1979 1216 2035 de
1252 1980 1554 2036 Architect.
1577 2023 1592 2046 ‚
1634 1999 1724 2047 1x,
1763 1976 1815 2033 3.

490 2131 608 2175 Item
647 2131 832 2190 plures,
865 2133 949 2192 qui
981 2132 1241 2178 litterarum
1271 2132 1646 2192 jucunditatibus
1679 2131 1928 2197 instructas
1962 2127 2136 2172 habent

424 2212 621 2263 mentes,
648 2213 758 2266 post
786 2214 994 2253 nostram
1013 2208 1286 2254 memoriam
1308 2216 1579 2266 ¹nascentes,
1609 2223 1717 2253 cum
1748 2203 1969 2252 Lucretio
1996 2202 2136 2248 vide-

422 2282 603 2330 buntur
628 2281 757 2327 velut
779 2295 938 2327 coram
961 2284 1021 2327 de
1052 2285 1220 2328 Rerum
1252 2293 1424 2329 natura
1448 2283 1701 2343 disputare.

835 2416 1108 2485 Ovmnm,
1140 2415 1367 2482 Amor„
1400 2435 1454 2485 1,
1493 2411 1559 2469 15
1581 2457 1596 2486 ,
1632 2413 1720 2473 23.

605 2553 792 2596 Carmina
809 2554 984 2594 sublimis
1006 2562 1100 2594 tunc
1118 2561 1210 2594 sunt
1232 2554 1406 2608 peritura
1427 2554 1605 2604 Lucreti,

660 2622 789 2664 Exitio
808 2631 930 2664 terras
952 2634 1073 2677 quum
1096 2622 1208 2664 dabit
1228 2636 1309 2664 una
1331 2623 1426 2664 dies.

888 2746 1166 2812 OVIDIUS‚
1207 2742 1369 2797 Trist.
1390 2785 1409 2811 ,
1443 2760 1522 2812 11,
1552 2737 1683 2809 425.
1733 2782 1735 2784 -

604 2883 783 2938 Explicat
804 2891 848 2924 ut
869 2896 1003 2924 causas
1020 2883 1151 2937 rapidi
1172 2882 1374 2924 Lucretius
1394 2881 1515 2935 ignis,

666 2954 929 3006 Casurumque
946 2951 1088 3006 triplex
1107 2949 1343 2992 vaticinatur
1366 2964 1477 3005 opus.

896 3069 1256 3123 PROPERTIUS
1278 3108 1292 3135 ‚
1330 3085 1370 3120 11
1396 3106 1410 3136 ‚
1446 3061 1517 3119 25
1543 3105 1559 3132 ‚
1591 3083 1683 3140 29.

607 3209 690 3247 Aut
706 3206 802 3260 quid
821 3207 991 3247 Lucretii
1011 3206 1088 3247 tibi
1110 3213 1274 3260 prosunt
1295 3203 1469 3245 carmina
1491 3203 1618 3243 lecta?

667 3275 736 3316 Nil
751 3275 860 3327 juvat
876 3275 922 3316 in
939 3289 1079 3329 magno
1099 3283 1226 3316 vester
1242 3287 1376 3314 amore
1391 3287 1526 3313 senex.
