2340 3926
352 271 376 312 8
854 329 857 332 y
917 272 968 314 T.
1007 270 1295 315 LUCRETH
1332 270 1470 314 CARI
1828 246 2060 343 1<v·'200-)y

425 371 669 445 Denique
694 391 789 425 cur
819 371 1063 426 homines
1089 384 1266 426 tantos
1292 372 1502 427 Natura
1533 388 1722 444 parare

345 467 472 522 Non
505 469 710 543 potuit,
744 468 968 543 pedibus
996 470 1089 543 qui
1120 481 1347 543 pontum
1379 487 1475 543 per
1506 466 1643 521 vada
1670 475 1887 541 possent

344 565 596 621 Transire
613 609 627 637 ,
653 578 706 620 et
735 586 956 641 magnos
985 566 1232 620 manibus
1263 563 1514 620 divellere
1545 575 1754 618 montes
1772 605 1787 632 ‚

343 661 625 737 Multaque
652 664 882 718 vivendo
909 663 1093 719 vitalia
1119 663 1332 718 vincere
1358 662 1507 718 saecla
1529 661 1551 716 Ρ

343 759 398 812 Si
429 780 539 815 non
566 763 814 816 materies
843 762 969 836 quia
999 761 1159 816 rebus
1186 761 1397 815 reddita
1427 772 1572 816 certa
1596 771 1678 815 est

343 857 671 932 GignundiS,
701 879 730 911 e
758 879 863 934 qua
890 871 1098 914 constat
1128 859 1259 933 quid
1289 860 1457 933 possit
1483 859 1635 918 oriri,

341 954 433 1011 Nil
461 957 626 1031 igitur
657 957 773 1012 fieri
802 957 867 1012 de
894 957 1006 1012 nilo
1034 978 1188 1033 posse
1213 957 1490 1011 fatendum
1515 968 1594 1011 est
1614 998 1630 1024 ‚

342 1054 555 1107 Semine
587 1055 802 1128 quando
833 1075 968 1129 opus
999 1067 1079 1110 est
1106 1055 1289 1125 rebus,
1320 1075 1428 1128 quo
1457 1074 1679 1129 quaeque
1705 1055 1896 1108 creatae

340 1151 492 1204 Aeris
520 1150 576 1204 in
609 1163 819 1206 teneras
847 1153 1056 1226 possint
1087 1152 1378 1229 proferrier
1410 1171 1582 1216 311135,

420 1250 727 1316 PostremO,
764 1249 1020 1321 quoniam
1053 1248 1268 1303 incultis
1297 1262 1546 1323 praestare
1583 1249 1828 1307 videmus

339 1342 500 1399 Culta
525 1343 649 1397 loca
666 1385 680 1414 ‚
709 1355 764 1397 et
793 1342 1039 1398 manibus
1073 1344 1321 1399 meliores
1349 1349 1573 1402 reddere
1605 1349 1793 1415 foetus;

339 1440 468 1495 Esse
497 1427 744 1496 videlieet
776 1441 832 1517 in
858 1442 1015 1495 terris
1043 1443 1341 1516 primordia
1372 1456 1595 1517 rerum‚'
1674 1486 1678 1491 ff

339 1539 475 1609 Quae
507 1558 605 1592 nos
623 1580 640 1611 7
671 1538 940 1595 faecundas
970 1554 1240 1597 vertentes
1268 1563 1485 1597 vomere
1514 1543 1716 1619 glebas,

340 1636 629 1713 Terraique
657 1638 831 1694 solum
860 1639 1166 1715 subigentes
1186 1683 1200 1712 ‚
1236 1642 1405 1696 cimus
1433 1641 1502 1696 ad
1531 1626 1683 1697 ortus
1718 1663 1730 1696 z

338 1736 504 1807 Quod
532 1738 575 1820 51
602 1735 750 1791 1111113
776 1738 952 1792 forent
969 1781 984 1809 ,
1011 1750 1198 1794 nostro
1231 1739 1346 1796 sine
1374 1759 1598 1814 quaeque
1626 1739 1833 1809 labore,

337 1836 537 1910 Sponte
567 1855 688 1906 sua,
721 1836 894 1891 multo
926 1836 1040 1891 fieri
1075 1835 1299 1892 meliora
1322 1837 1554 1892 videres

414 1936 535 1988 Huc
563 1934 764 1988 accedit
781 1977 796 2004 ,
827 1935 907 1989 uti
934 1935 1172 2010 quidque
1199 1936 1256 1989 in
1283 1956 1379 1990 sua
1412 1955 1638 2010 corpora
1662 1955 1877 1989 rursum

334 2030 605 2087 Dissolvat
637 2035 876 2103 Natura,
906 2054 1080 2108 neque
1110 2033 1179 2087 ad
1208 2033 1439 2088 nihilum
1472 2034 1748 2088 interimat
1780 2053 1880 2087 res,

335 2129 500 2199 Nam,
537 2131 580 2183 si
606 2131 737 2203 quid
769 2131 996 2186 mortale
1029 2153 1058 2186 e
1090 2133 1295 2187 cunctis
1329 2132 1572 2206 partibus
1607 2143 1772 2201 esset,

333 2229 414 2281 Ex
445 2225 611 2281 0011115
645 2247 730 2281 res
764 2248 988 2302 quaeque
1013 2241 1238 2304 repente
1272 2241 1457 2304 erepta
1491 2230 1724 2304 periret3

334 2322 499 2381 Nulla
526 2325 581 2378 vi
611 2324 750 2378 foret
776 2345 905 2380 usus
929 2327 1097 2396 enim,
1133 2347 1251 2399 quae
1283 2327 1527 2401 partibus
1554 2327 1670 2401 ejus

334 2422 634 2477 Discidium
667 2442 877 2497 parere,
905 2435 958 2477 et
986 2423 1452 2484 nexusexsolvere
1481 2437 1677 2500 posset.

333 2522 403 2575 At
429 2540 572 2574 1111110
590 2563 604 2590 ‚
637 2532 836 2575 aeterno
871 2522 996 2595 quia
1024 2532 1275 2575 constant
1301 2521 1502 2576 semine
1526 2543 1778 2597 quaeque,

333 2621 518 2674 Donec
544 2620 625 2675 vis
655 2617 787 2677 obiit
815 2641 933 2695 quae
964 2641 1048 2675 res
1077 2621 1379 2677 diverberet
1405 2622 1517 2676 ictu
1534 2665 1549 2692 ,

334 2719 445 2773 Aut
478 2719 623 2773 intus
651 2730 893 2795 penetret
926 2739 1023 2794 per
1055 2719 1238 2773 inania
1271 2719 1658 2795 dissolvatque,

332 2814 547 2895 anlius
575 2818 799 2872 exitium
827 2818 1034 2892 patitur
1062 2820 1274 2875 Natura
1301 2818 1487 2873 videri.

347 2896 394 2992 gs
408 2917 696 2986 Praeterea,
724 2935 1056 2990 quaecunque
1085 2927 1351 2974 vetustate
1377 2928 1588 2971 amovet
1623 2929 1749 2971 aetas
1767 2959 1781 2987 ,

332 3012 387 3064 Si
418 2996 875 3088 penitus'perimit
902 3033 1219 3069 consumens
1249 3014 1526 3068 materiem
1561 3035 1776 3069 omnem

331 3109 489 3163 Unde
521 3111 750 3166 animale
779 3132 947 3188 genus
975 3113 1271 3188 generatim
1297 3113 1352 3165 in
1381 3111 1586 3166 lumina
1613 3113 1735 3167 vitae

332 3205 599 3262 Redducit
634 3209 862 3264 Venus?
895 3222 987 3264 aut
1021 3210 1343 3289 redductum
1374 3209 1575 3264 daedala
1611 3209 1767 3264 tellus

2328 902 2340 1048 ,ὡκ
