<?xml version="1.0" encoding="UTF-8"?>
<!DOCTYPE html PUBLIC "-//W3C//DTD XHTML 1.0 Transitional//EN"
    "http://www.w3.org/TR/xhtml1/DTD/xhtml1-transitional.dtd">
<html xmlns="http://www.w3.org/1999/xhtml" xml:lang="en" lang="en">
 <head>
  <title>
</title>
<meta http-equiv="Content-Type" content="text/html;charset=utf-8" />
  <meta name='ocr-system' content='tesseract 3.04.00' />
  <meta name='ocr-capabilities' content='ocr_page ocr_carea ocr_par ocr_line ocrx_word'/>
</head>
<body>
  <div class='ocr_page' id='page_1' title='image "./dererumnaturali00lucruoft_0141.png"; bbox 0 0 2300 3926; ppageno 0'>
   <div class='ocr_carea' id='block_1_1' title="bbox 221 315 1902 371">
    <p class='ocr_par' dir='ltr' id='par_1_1' title="bbox 221 315 1902 371">
     <span class='ocr_line' id='line_1_1' title="bbox 221 315 1902 371; baseline 0.003 -13"><span class='ocrx_word' id='word_1_1' title='bbox 221 317 274 370; x_wconf 72' lang='lat' dir='ltr'>(v.</span> <span class='ocrx_word' id='word_1_2' title='bbox 296 319 406 371; x_wconf 77' lang='lat' dir='ltr'>m.)</span> <span class='ocrx_word' id='word_1_3' title='bbox 633 318 715 363; x_wconf 78' lang='lat' dir='ltr'>DE</span> <span class='ocrx_word' id='word_1_4' title='bbox 749 315 972 361; x_wconf 83' lang='lat' dir='ltr'>RERUM</span> <span class='ocrx_word' id='word_1_5' title='bbox 1005 315 1256 360; x_wconf 82' lang='lat' dir='ltr'><strong>NATURA</strong></span> <span class='ocrx_word' id='word_1_6' title='bbox 1290 315 1403 359; x_wconf 77' lang='lat' dir='ltr'>Lm.</span> <span class='ocrx_word' id='word_1_7' title='bbox 1442 317 1520 360; x_wconf 90' lang='lat' dir='ltr'>1v.</span> <span class='ocrx_word' id='word_1_8' title='bbox 1822 333 1902 363; x_wconf 67' lang='grc' dir='ltr'>ω</span> 
     </span>
    </p>
   </div>
   <div class='ocr_carea' id='block_1_2' title="bbox 175 421 1914 3375">
    <p class='ocr_par' dir='ltr' id='par_1_2' title="bbox 220 421 1560 495">
     <span class='ocr_line' id='line_1_2' title="bbox 220 421 1560 495; baseline -0.002 -16"><span class='ocrx_word' id='word_1_9' title='bbox 220 425 369 494; x_wconf 65' lang='lat' dir='ltr'>Sunt</span> <span class='ocrx_word' id='word_1_10' title='bbox 386 422 527 479; x_wconf 74' lang='lat' dir='ltr'>infr-a</span> <span class='ocrx_word' id='word_1_11' title='bbox 554 433 763 477; x_wconf 87' lang='lat' dir='ltr'>nostros</span> <span class='ocrx_word' id='word_1_12' title='bbox 788 439 972 474; x_wconf 91' lang='lat' dir='ltr'>sensus</span> <span class='ocrx_word' id='word_1_13' title='bbox 989 460 1004 489; x_wconf 88' lang='lat'>,</span> <span class='ocrx_word' id='word_1_14' title='bbox 1030 430 1292 495; x_wconf 88' lang='lat' dir='ltr'>tantoque</span> <span class='ocrx_word' id='word_1_15' title='bbox 1318 421 1528 476; x_wconf 87' lang='lat' dir='ltr'>minora</span> <span class='ocrx_word' id='word_1_16' title='bbox 1545 462 1560 492; x_wconf 85' lang='lat'>‚</span> 
     </span>
    </p>

    <p class='ocr_par' dir='ltr' id='par_1_3' title="bbox 219 504 1748 599">
     <span class='ocr_line' id='line_1_3' title="bbox 219 504 1748 599; baseline -0.004 -21"><span class='ocrx_word' id='word_1_17' title='bbox 219 504 398 599; x_wconf 75' lang='lat' dir='ltr'><strong>Quam</strong></span> <span class='ocrx_word' id='word_1_18' title='bbox 426 510 543 599; x_wconf 77' lang='lat' dir='ltr'>quae</span> <span class='ocrx_word' id='word_1_19' title='bbox 563 521 798 597; x_wconf 89' lang='lat' dir='ltr'><strong>primum</strong></span> <span class='ocrx_word' id='word_1_20' title='bbox 828 515 972 573; x_wconf 90' lang='lat' dir='ltr'>oculi</span> <span class='ocrx_word' id='word_1_21' title='bbox 1000 530 1238 595; x_wconf 83' lang='lat' dir='ltr'>coeptant</span> <span class='ocrx_word' id='word_1_22' title='bbox 1269 540 1381 575; x_wconf 92' lang='lat' dir='ltr'>non</span> <span class='ocrx_word' id='word_1_23' title='bbox 1408 539 1563 596; x_wconf 91' lang='lat' dir='ltr'>posse</span> <span class='ocrx_word' id='word_1_24' title='bbox 1592 519 1748 574; x_wconf 90' lang='lat' dir='ltr'>tueri.</span> 
     </span>
    </p>

    <p class='ocr_par' dir='ltr' id='par_1_4' title="bbox 175 617 1827 796">
     <span class='ocr_line' id='line_1_4' title="bbox 175 617 1827 694; baseline -0.004 -15"><span class='ocrx_word' id='word_1_25' title='bbox 175 642 180 647; x_wconf 89' lang='lat'>·</span> <span class='ocrx_word' id='word_1_26' title='bbox 219 623 383 679; x_wconf 89' lang='lat' dir='ltr'>Nunc</span> <span class='ocrx_word' id='word_1_27' title='bbox 412 634 587 678; x_wconf 83' lang='lat' dir='ltr'>tamen</span> <span class='ocrx_word' id='word_1_28' title='bbox 614 618 670 674; x_wconf 91' lang='lat' dir='ltr'>id</span> <span class='ocrx_word' id='word_1_29' title='bbox 692 638 910 694; x_wconf 92' lang='lat' dir='ltr'>quoque</span> <span class='ocrx_word' id='word_1_30' title='bbox 928 619 1006 674; x_wconf 89' lang='lat' dir='ltr'>uti</span> <span class='ocrx_word' id='word_1_31' title='bbox 1027 617 1364 692; x_wconf 88' lang='lat' dir='ltr'>confirmem,</span> <span class='ocrx_word' id='word_1_32' title='bbox 1394 619 1614 675; x_wconf 83' lang='lat' dir='ltr'>exordia</span> <span class='ocrx_word' id='word_1_33' title='bbox 1644 638 1827 674; x_wconf 89' lang='lat' dir='ltr'>rerum</span> 
     </span>
     <span class='ocr_line' id='line_1_5' title="bbox 219 702 1632 796; baseline -0.004 -17"><span class='ocrx_word' id='word_1_34' title='bbox 219 724 550 780; x_wconf 85' lang='lat' dir='ltr'>Cunctarum</span> <span class='ocrx_word' id='word_1_35' title='bbox 580 702 742 795; x_wconf 86' lang='lat' dir='ltr'>quarn</span> <span class='ocrx_word' id='word_1_36' title='bbox 771 718 881 773; x_wconf 91' lang='lat' dir='ltr'>sint</span> <span class='ocrx_word' id='word_1_37' title='bbox 902 717 1148 790; x_wconf 86' lang='lat' dir='ltr'><strong>subtilia,</strong></span> <span class='ocrx_word' id='word_1_38' title='bbox 1183 720 1400 796; x_wconf 85' lang='lat' dir='ltr'>percipe</span> <span class='ocrx_word' id='word_1_39' title='bbox 1429 720 1632 795; x_wconf 77' lang='lat' dir='ltr'><strong>paucis,</strong></span> 
     </span>
    </p>

    <p class='ocr_par' dir='ltr' id='par_1_5' title="bbox 217 815 1748 995">
     <span class='ocr_line' id='line_1_6' title="bbox 219 815 1748 893; baseline -0.003 -17"><span class='ocrx_word' id='word_1_40' title='bbox 219 821 460 876; x_wconf 88' lang='lat' dir='ltr'><strong>Primum</strong></span> <span class='ocrx_word' id='word_1_41' title='bbox 485 815 737 874; x_wconf 88' lang='lat' dir='ltr'><strong>animalia</strong></span> <span class='ocrx_word' id='word_1_42' title='bbox 768 829 895 872; x_wconf 89' lang='lat' dir='ltr'>sunt</span> <span class='ocrx_word' id='word_1_43' title='bbox 916 817 1030 893; x_wconf 91' lang='lat' dir='ltr'>jam</span> <span class='ocrx_word' id='word_1_44' title='bbox 1060 818 1257 893; x_wconf 89' lang='lat' dir='ltr'><strong>partim</strong></span> <span class='ocrx_word' id='word_1_45' title='bbox 1289 815 1526 885; x_wconf 86' lang='lat' dir='ltr'><strong>tantula,</strong></span> <span class='ocrx_word' id='word_1_46' title='bbox 1560 837 1748 872; x_wconf 88' lang='lat' dir='ltr'>eorum</span> 
     </span>
     <span class='ocr_line' id='line_1_7' title="bbox 217 915 1481 995; baseline -0.005 -19"><span class='ocrx_word' id='word_1_47' title='bbox 217 921 399 976; x_wconf 87' lang='lat' dir='ltr'>Tertia</span> <span class='ocrx_word' id='word_1_48' title='bbox 425 938 548 995; x_wconf 84' lang='lat' dir='ltr'>pars</span> <span class='ocrx_word' id='word_1_49' title='bbox 581 915 731 972; x_wconf 90' lang='lat' dir='ltr'><strong>nulla</strong></span> <span class='ocrx_word' id='word_1_50' title='bbox 758 928 821 972; x_wconf 92' lang='lat' dir='ltr'>ut</span> <span class='ocrx_word' id='word_1_51' title='bbox 844 918 1013 993; x_wconf 89' lang='lat' dir='ltr'>possit</span> <span class='ocrx_word' id='word_1_52' title='bbox 1045 917 1253 972; x_wconf 86' lang='lat' dir='ltr'>ratione</span> <span class='ocrx_word' id='word_1_53' title='bbox 1274 915 1444 971; x_wconf 86' lang='lat' dir='ltr'>videri</span> <span class='ocrx_word' id='word_1_54' title='bbox 1468 936 1481 970; x_wconf 75' lang='grc' dir='ltr'><strong><em>ε</em></strong></span> 
     </span>
    </p>

    <p class='ocr_par' dir='ltr' id='par_1_6' title="bbox 212 1013 1914 1490">
     <span class='ocr_line' id='line_1_8' title="bbox 215 1013 1834 1092; baseline -0.003 -18"><span class='ocrx_word' id='word_1_55' title='bbox 215 1021 425 1074; x_wconf 88' lang='lat' dir='ltr'>Horum</span> <span class='ocrx_word' id='word_1_56' title='bbox 455 1015 773 1072; x_wconf 89' lang='lat' dir='ltr'>intestinum</span> <span class='ocrx_word' id='word_1_57' title='bbox 802 1014 1032 1092; x_wconf 88' lang='lat' dir='ltr'><strong>quodvis</strong></span> <span class='ocrx_word' id='word_1_58' title='bbox 1061 1014 1219 1092; x_wconf 88' lang='lat' dir='ltr'><strong>quale</strong></span> <span class='ocrx_word' id='word_1_59' title='bbox 1244 1035 1358 1071; x_wconf 90' lang='lat' dir='ltr'>esse</span> <span class='ocrx_word' id='word_1_60' title='bbox 1389 1013 1695 1091; x_wconf 90' lang='lat' dir='ltr'>putandum</span> <span class='ocrx_word' id='word_1_61' title='bbox 1719 1014 1834 1069; x_wconf 85' lang='lat' dir='ltr'>est?</span> 
     </span>
     <span class='ocr_line' id='line_1_9' title="bbox 214 1113 1914 1194; baseline -0.002 -22"><span class='ocrx_word' id='word_1_62' title='bbox 214 1116 366 1191; x_wconf 90' lang='lat' dir='ltr'><strong>Quid</strong></span> <span class='ocrx_word' id='word_1_63' title='bbox 385 1116 561 1173; x_wconf 91' lang='lat' dir='ltr'>cordis</span> <span class='ocrx_word' id='word_1_64' title='bbox 580 1114 797 1194; x_wconf 83' lang='lat' dir='ltr'><strong>globuS‚</strong></span> <span class='ocrx_word' id='word_1_65' title='bbox 821 1127 915 1171; x_wconf 89' lang='lat' dir='ltr'>aut</span> <span class='ocrx_word' id='word_1_66' title='bbox 938 1114 1115 1171; x_wconf 81' lang='lat' dir='ltr'>oculi?</span> <span class='ocrx_word' id='word_1_67' title='bbox 1140 1114 1271 1191; x_wconf 91' lang='lat' dir='ltr'>quid</span> <span class='ocrx_word' id='word_1_68' title='bbox 1289 1113 1565 1171; x_wconf 84' lang='lat' dir='ltr'>membra?</span> <span class='ocrx_word' id='word_1_69' title='bbox 1580 1113 1714 1190; x_wconf 90' lang='lat' dir='ltr'>quid</span> <span class='ocrx_word' id='word_1_70' title='bbox 1735 1114 1914 1170; x_wconf 78' lang='lat' dir='ltr'><strong>artus?</strong></span> 
     </span>
     <span class='ocr_line' id='line_1_10' title="bbox 212 1214 1742 1293; baseline -0.001 -22"><span class='ocrx_word' id='word_1_71' title='bbox 212 1214 505 1288; x_wconf 81' lang='lat' dir='ltr'><strong>Quantula</strong></span> <span class='ocrx_word' id='word_1_72' title='bbox 519 1215 679 1271; x_wconf 79' lang='lat' dir='ltr'><strong>sunt?</strong></span> <span class='ocrx_word' id='word_1_73' title='bbox 710 1214 844 1292; x_wconf 87' lang='lat' dir='ltr'>quid</span> <span class='ocrx_word' id='word_1_74' title='bbox 875 1226 1137 1293; x_wconf 80' lang='lat' dir='ltr'>praeterea</span> <span class='ocrx_word' id='word_1_75' title='bbox 1158 1214 1458 1292; x_wconf 87' lang='lat' dir='ltr'>primordia</span> <span class='ocrx_word' id='word_1_76' title='bbox 1488 1234 1742 1292; x_wconf 81' lang='lat' dir='ltr'>quaeque,</span> 
     </span>
     <span class='ocr_line' id='line_1_11' title="bbox 212 1312 1912 1391; baseline -0.001 -21"><span class='ocrx_word' id='word_1_77' title='bbox 212 1314 374 1371; x_wconf 88' lang='lat' dir='ltr'>Unde</span> <span class='ocrx_word' id='word_1_78' title='bbox 412 1315 594 1370; x_wconf 86' lang='lat' dir='ltr'><strong>anima</strong></span> <span class='ocrx_word' id='word_1_79' title='bbox 624 1327 787 1391; x_wconf 89' lang='lat' dir='ltr'><strong>atque</strong></span> <span class='ocrx_word' id='word_1_80' title='bbox 813 1315 980 1370; x_wconf 86' lang='lat' dir='ltr'><strong>animi</strong></span> <span class='ocrx_word' id='word_1_81' title='bbox 1012 1327 1223 1371; x_wconf 92' lang='lat' dir='ltr'>constet</span> <span class='ocrx_word' id='word_1_82' title='bbox 1250 1326 1445 1370; x_wconf 87' lang='lat' dir='ltr'>natura</span> <span class='ocrx_word' id='word_1_83' title='bbox 1481 1333 1759 1370; x_wconf 89' lang='lat' dir='ltr'>necessum</span> <span class='ocrx_word' id='word_1_84' title='bbox 1791 1312 1912 1369; x_wconf 81' lang='lat' dir='ltr'>est?</span> 
     </span>
     <span class='ocr_line' id='line_1_12' title="bbox 213 1400 1806 1490; baseline -0.002 -18"><span class='ocrx_word' id='word_1_85' title='bbox 213 1415 415 1472; x_wconf 84' lang='lat' dir='ltr'>Nonne</span> <span class='ocrx_word' id='word_1_86' title='bbox 435 1400 617 1486; x_wconf 80' lang='lat' dir='ltr'>vides,</span> <span class='ocrx_word' id='word_1_87' title='bbox 651 1434 816 1490; x_wconf 90' lang='lat' dir='ltr'><strong>quam</strong></span> <span class='ocrx_word' id='word_1_88' title='bbox 842 1415 950 1470; x_wconf 91' lang='lat' dir='ltr'>sint</span> <span class='ocrx_word' id='word_1_89' title='bbox 978 1413 1222 1485; x_wconf 86' lang='lat' dir='ltr'><strong>subtilia,</strong></span> <span class='ocrx_word' id='word_1_90' title='bbox 1254 1434 1525 1490; x_wconf 87' lang='lat' dir='ltr'><strong>quamque</strong></span> <span class='ocrx_word' id='word_1_91' title='bbox 1554 1412 1806 1469; x_wconf 83' lang='lat' dir='ltr'><strong>minuta?</strong></span> 
     </span>
    </p>

    <p class='ocr_par' dir='ltr' id='par_1_7' title="bbox 211 1513 1686 1885">
     <span class='ocr_line' id='line_1_13' title="bbox 291 1513 1686 1590; baseline 0 -22"><span class='ocrx_word' id='word_1_92' title='bbox 291 1515 554 1569; x_wconf 83' lang='lat' dir='ltr'>Praeterea</span> <span class='ocrx_word' id='word_1_93' title='bbox 571 1555 588 1584; x_wconf 92' lang='lat'><strong>,</strong></span> <span class='ocrx_word' id='word_1_94' title='bbox 615 1533 953 1590; x_wconf 79' lang='lat' dir='ltr'>quaecunque</span> <span class='ocrx_word' id='word_1_95' title='bbox 983 1534 1082 1569; x_wconf 89' lang='lat' dir='ltr'>suo</span> <span class='ocrx_word' id='word_1_96' title='bbox 1117 1513 1183 1568; x_wconf 91' lang='lat' dir='ltr'>de</span> <span class='ocrx_word' id='word_1_97' title='bbox 1206 1534 1433 1590; x_wconf 90' lang='lat' dir='ltr'>corpore</span> <span class='ocrx_word' id='word_1_98' title='bbox 1462 1513 1686 1568; x_wconf 90' lang='lat' dir='ltr'>odorem</span> 
     </span>
     <span class='ocr_line' id='line_1_14' title="bbox 214 1612 1542 1688; baseline -0.001 -21"><span class='ocrx_word' id='word_1_99' title='bbox 214 1613 508 1688; x_wconf 86' lang='lat' dir='ltr'><strong>Exspirant</strong></span> <span class='ocrx_word' id='word_1_100' title='bbox 537 1632 747 1684; x_wconf 84' lang='lat' dir='ltr'>acrem,</span> <span class='ocrx_word' id='word_1_101' title='bbox 783 1632 1041 1688; x_wconf 88' lang='lat' dir='ltr'>panaces,</span> <span class='ocrx_word' id='word_1_102' title='bbox 1073 1612 1344 1667; x_wconf 87' lang='lat' dir='ltr'><strong>absinthia</strong></span> <span class='ocrx_word' id='word_1_103' title='bbox 1375 1623 1542 1682; x_wconf 84' lang='lat' dir='ltr'>tetra,</span> 
     </span>
     <span class='ocr_line' id='line_1_15' title="bbox 212 1696 1466 1788; baseline -0.002 -21"><span class='ocrx_word' id='word_1_104' title='bbox 212 1710 586 1786; x_wconf 88' lang='lat' dir='ltr'>Abrotonique</span> <span class='ocrx_word' id='word_1_105' title='bbox 615 1730 836 1788; x_wconf 77' lang='lat' dir='ltr'>graveS‚</span> <span class='ocrx_word' id='word_1_106' title='bbox 868 1696 1123 1766; x_wconf 52' lang='lat' dir='ltr'>et&#39;tristia</span> <span class='ocrx_word' id='word_1_107' title='bbox 1153 1722 1466 1781; x_wconf 83' lang='lat' dir='ltr'>centaurea3</span> 
     </span>
     <span class='ocr_line' id='line_1_16' title="bbox 211 1809 1584 1885; baseline 0.001 -21"><span class='ocrx_word' id='word_1_108' title='bbox 211 1811 424 1864; x_wconf 88' lang='lat' dir='ltr'>Horum</span> <span class='ocrx_word' id='word_1_109' title='bbox 447 1830 619 1864; x_wconf 90' lang='lat' dir='ltr'>unum</span> <span class='ocrx_word' id='word_1_110' title='bbox 649 1809 880 1885; x_wconf 89' lang='lat' dir='ltr'><strong>quodvis</strong></span> <span class='ocrx_word' id='word_1_111' title='bbox 911 1809 1102 1866; x_wconf 89' lang='lat' dir='ltr'>leviter</span> <span class='ocrx_word' id='word_1_112' title='bbox 1137 1810 1180 1865; x_wconf 91' lang='lat' dir='ltr'>si</span> <span class='ocrx_word' id='word_1_113' title='bbox 1210 1809 1351 1866; x_wconf 90' lang='lat' dir='ltr'>forte</span> <span class='ocrx_word' id='word_1_114' title='bbox 1383 1811 1547 1866; x_wconf 89' lang='lat' dir='ltr'>ciebis</span> <span class='ocrx_word' id='word_1_115' title='bbox 1563 1832 1584 1882; x_wconf 70' lang='grc'>,’</span> 
     </span>
    </p>

    <p class='ocr_par' dir='ltr' id='par_1_8' title="bbox 209 1908 1746 2281">
     <span class='ocr_line' id='line_1_17' title="bbox 211 1908 1629 1986; baseline 0.001 -23"><span class='ocrx_word' id='word_1_116' title='bbox 211 1909 392 1981; x_wconf 86' lang='lat' dir='ltr'><strong>Quam</strong></span> <span class='ocrx_word' id='word_1_117' title='bbox 424 1909 663 1986; x_wconf 89' lang='lat' dir='ltr'><strong>primum</strong></span> <span class='ocrx_word' id='word_1_118' title='bbox 689 1929 878 1965; x_wconf 87' lang='lat' dir='ltr'>noscas</span> <span class='ocrx_word' id='word_1_119' title='bbox 906 1930 1090 1966; x_wconf 88' lang='lat' dir='ltr'>rerum</span> <span class='ocrx_word' id='word_1_120' title='bbox 1120 1908 1406 1966; x_wconf 90' lang='lat' dir='ltr'><strong>simulacra</strong></span> <span class='ocrx_word' id='word_1_121' title='bbox 1433 1930 1629 1986; x_wconf 87' lang='lat' dir='ltr'>vagare</span> 
     </span>
     <span class='ocr_line' id='line_1_18' title="bbox 209 2005 1667 2086; baseline 0.002 -24"><span class='ocrx_word' id='word_1_122' title='bbox 209 2005 418 2080; x_wconf 87' lang='lat' dir='ltr'><strong>Multa,</strong></span> <span class='ocrx_word' id='word_1_123' title='bbox 452 2008 628 2064; x_wconf 90' lang='lat' dir='ltr'>modis</span> <span class='ocrx_word' id='word_1_124' title='bbox 651 2008 864 2080; x_wconf 86' lang='lat' dir='ltr'><strong>multis,</strong></span> <span class='ocrx_word' id='word_1_125' title='bbox 900 2008 1050 2065; x_wconf 90' lang='lat' dir='ltr'><strong>nulla</strong></span> <span class='ocrx_word' id='word_1_126' title='bbox 1078 2010 1156 2081; x_wconf 85' lang='lat' dir='ltr'>vi,</span> <span class='ocrx_word' id='word_1_127' title='bbox 1188 2030 1448 2086; x_wconf 88' lang='lat' dir='ltr'>cassaque</span> <span class='ocrx_word' id='word_1_128' title='bbox 1474 2030 1667 2065; x_wconf 86' lang='lat' dir='ltr'>sensu:</span> 
     </span>
     <span class='ocr_line' id='line_1_19' title="bbox 211 2106 1746 2184; baseline 0.001 -22"><span class='ocrx_word' id='word_1_129' title='bbox 211 2106 465 2178; x_wconf 89' lang='lat' dir='ltr'>Quorum</span> <span class='ocrx_word' id='word_1_130' title='bbox 493 2106 755 2183; x_wconf 86' lang='lat' dir='ltr'><strong>quantula</strong></span> <span class='ocrx_word' id='word_1_131' title='bbox 783 2128 908 2184; x_wconf 89' lang='lat' dir='ltr'>pars</span> <span class='ocrx_word' id='word_1_132' title='bbox 931 2108 1001 2163; x_wconf 87' lang='lat' dir='ltr'>sit</span> <span class='ocrx_word' id='word_1_133' title='bbox 1032 2109 1241 2184; x_wconf 83' lang='lat' dir='ltr'><strong>imagO,</strong></span> <span class='ocrx_word' id='word_1_134' title='bbox 1269 2108 1448 2163; x_wconf 88' lang='lat' dir='ltr'>dicere</span> <span class='ocrx_word' id='word_1_135' title='bbox 1477 2129 1639 2163; x_wconf 90' lang='lat' dir='ltr'>nemo</span> <span class='ocrx_word' id='word_1_136' title='bbox 1666 2119 1746 2164; x_wconf 87' lang='lat' dir='ltr'>est</span> 
     </span>
     <span class='ocr_line' id='line_1_20' title="bbox 211 2205 1654 2281; baseline 0.001 -22"><span class='ocrx_word' id='word_1_137' title='bbox 211 2205 325 2277; x_wconf 87' lang='lat' dir='ltr'>Qui</span> <span class='ocrx_word' id='word_1_138' title='bbox 356 2205 559 2281; x_wconf 88' lang='lat' dir='ltr'><strong>possit,</strong></span> <span class='ocrx_word' id='word_1_139' title='bbox 593 2225 770 2281; x_wconf 91' lang='lat' dir='ltr'>neque</span> <span class='ocrx_word' id='word_1_140' title='bbox 794 2226 912 2261; x_wconf 89' lang='lat' dir='ltr'>eam</span> <span class='ocrx_word' id='word_1_141' title='bbox 939 2207 1207 2262; x_wconf 87' lang='lat' dir='ltr'>rationem</span> <span class='ocrx_word' id='word_1_142' title='bbox 1236 2205 1460 2261; x_wconf 82' lang='lat' dir='ltr'>reddere</span> <span class='ocrx_word' id='word_1_143' title='bbox 1482 2207 1654 2262; x_wconf 88' lang='lat' dir='ltr'>dictis.</span> 
     </span>
    </p>

    <p class='ocr_par' dir='ltr' id='par_1_9' title="bbox 209 2303 1687 2781">
     <span class='ocr_line' id='line_1_21' title="bbox 292 2303 1608 2382; baseline 0 -22"><span class='ocrx_word' id='word_1_144' title='bbox 292 2304 428 2376; x_wconf 90' lang='lat' dir='ltr'>Sed,</span> <span class='ocrx_word' id='word_1_145' title='bbox 458 2324 528 2360; x_wconf 89' lang='lat' dir='ltr'>ne</span> <span class='ocrx_word' id='word_1_146' title='bbox 555 2303 693 2359; x_wconf 88' lang='lat' dir='ltr'>forte</span> <span class='ocrx_word' id='word_1_147' title='bbox 719 2316 875 2381; x_wconf 89' lang='lat' dir='ltr'><strong>putes</strong></span> <span class='ocrx_word' id='word_1_148' title='bbox 903 2324 964 2360; x_wconf 90' lang='lat' dir='ltr'>ea</span> <span class='ocrx_word' id='word_1_149' title='bbox 992 2304 1212 2360; x_wconf 80' lang='lat' dir='ltr'>demum</span> <span class='ocrx_word' id='word_1_150' title='bbox 1241 2305 1356 2361; x_wconf 92' lang='lat' dir='ltr'>sola</span> <span class='ocrx_word' id='word_1_151' title='bbox 1386 2323 1608 2382; x_wconf 84' lang='lat' dir='ltr'>vagare,</span> 
     </span>
     <span class='ocr_line' id='line_1_22' title="bbox 209 2403 1687 2479; baseline 0.001 -22"><span class='ocrx_word' id='word_1_152' title='bbox 209 2404 564 2479; x_wconf 64' lang='lat' dir='ltr'>Quaecunque</span> <span class='ocrx_word' id='word_1_153' title='bbox 595 2404 663 2458; x_wconf 90' lang='lat' dir='ltr'>ab</span> <span class='ocrx_word' id='word_1_154' title='bbox 692 2404 853 2459; x_wconf 90' lang='lat' dir='ltr'>rebus</span> <span class='ocrx_word' id='word_1_155' title='bbox 883 2424 1066 2460; x_wconf 89' lang='lat' dir='ltr'>rerum</span> <span class='ocrx_word' id='word_1_156' title='bbox 1090 2403 1375 2459; x_wconf 84' lang='lat' dir='ltr'><strong>simulacra</strong></span> <span class='ocrx_word' id='word_1_157' title='bbox 1399 2403 1687 2475; x_wconf 89' lang='lat' dir='ltr'>recedunt;</span> 
     </span>
     <span class='ocr_line' id='line_1_23' title="bbox 211 2502 1646 2580; baseline 0.001 -23"><span class='ocrx_word' id='word_1_158' title='bbox 211 2502 353 2557; x_wconf 92' lang='lat' dir='ltr'>Sunt</span> <span class='ocrx_word' id='word_1_159' title='bbox 382 2502 570 2571; x_wconf 88' lang='lat' dir='ltr'><strong>etiam,</strong></span> <span class='ocrx_word' id='word_1_160' title='bbox 599 2523 718 2579; x_wconf 87' lang='lat' dir='ltr'>quae</span> <span class='ocrx_word' id='word_1_161' title='bbox 750 2515 942 2580; x_wconf 90' lang='lat' dir='ltr'>sponte</span> <span class='ocrx_word' id='word_1_162' title='bbox 972 2524 1068 2559; x_wconf 90' lang='lat' dir='ltr'>sua</span> <span class='ocrx_word' id='word_1_163' title='bbox 1098 2504 1417 2580; x_wconf 86' lang='lat' dir='ltr'>gignuntur,</span> <span class='ocrx_word' id='word_1_164' title='bbox 1448 2514 1501 2559; x_wconf 89' lang='lat' dir='ltr'>et</span> <span class='ocrx_word' id='word_1_165' title='bbox 1528 2504 1646 2580; x_wconf 85' lang='lat' dir='ltr'><strong>ipsa</strong></span> 
     </span>
     <span class='ocr_line' id='line_1_24' title="bbox 211 2601 1546 2680; baseline 0.001 -24"><span class='ocrx_word' id='word_1_166' title='bbox 211 2601 636 2658; x_wconf 80' lang='lat' dir='ltr'>Constituuntur</span> <span class='ocrx_word' id='word_1_167' title='bbox 661 2604 719 2658; x_wconf 92' lang='lat' dir='ltr'>in</span> <span class='ocrx_word' id='word_1_168' title='bbox 742 2603 847 2659; x_wconf 93' lang='lat' dir='ltr'>hoc</span> <span class='ocrx_word' id='word_1_169' title='bbox 877 2601 1012 2660; x_wconf 90' lang='lat' dir='ltr'>coelo</span> <span class='ocrx_word' id='word_1_170' title='bbox 1029 2647 1044 2673; x_wconf 85' lang='lat'>‚</span> <span class='ocrx_word' id='word_1_171' title='bbox 1073 2604 1169 2680; x_wconf 91' lang='lat' dir='ltr'>qui</span> <span class='ocrx_word' id='word_1_172' title='bbox 1197 2603 1397 2659; x_wconf 87' lang='lat' dir='ltr'>dicitur</span> <span class='ocrx_word' id='word_1_173' title='bbox 1430 2623 1546 2675; x_wconf 77' lang='lat' dir='ltr'>aer-3</span> 
     </span>
     <span class='ocr_line' id='line_1_25' title="bbox 211 2702 1576 2781; baseline 0.002 -23"><span class='ocrx_word' id='word_1_174' title='bbox 211 2702 348 2774; x_wconf 81' lang='lat' dir='ltr'>Quae</span> <span class='ocrx_word' id='word_1_175' title='bbox 370 2703 554 2761; x_wconf 90' lang='lat' dir='ltr'><strong>multis</strong></span> <span class='ocrx_word' id='word_1_176' title='bbox 579 2705 808 2762; x_wconf 85' lang='lat' dir='ltr'>formata</span> <span class='ocrx_word' id='word_1_177' title='bbox 840 2706 1016 2763; x_wconf 88' lang='lat' dir='ltr'>modis</span> <span class='ocrx_word' id='word_1_178' title='bbox 1049 2706 1279 2781; x_wconf 87' lang='lat' dir='ltr'><strong>sublime</strong></span> <span class='ocrx_word' id='word_1_179' title='bbox 1308 2707 1576 2775; x_wconf 86' lang='lat' dir='ltr'>feruntur,</span> 
     </span>
    </p>

    <p class='ocr_par' dir='ltr' id='par_1_10' title="bbox 212 2801 1626 3375">
     <span class='ocr_line' id='line_1_26' title="bbox 212 2801 1572 2883; baseline 0.002 -26"><span class='ocrx_word' id='word_1_180' title='bbox 212 2801 329 2857; x_wconf 85' lang='lat' dir='ltr'>Nec</span> <span class='ocrx_word' id='word_1_181' title='bbox 361 2804 590 2878; x_wconf 89' lang='lat' dir='ltr'>speciem</span> <span class='ocrx_word' id='word_1_182' title='bbox 614 2818 825 2862; x_wconf 91' lang='lat' dir='ltr'>mutare</span> <span class='ocrx_word' id='word_1_183' title='bbox 858 2826 1011 2862; x_wconf 89' lang='lat' dir='ltr'><strong>suam</strong></span> <span class='ocrx_word' id='word_1_184' title='bbox 1038 2805 1302 2883; x_wconf 86' lang='lat' dir='ltr'><strong>liquentia</strong></span> <span class='ocrx_word' id='word_1_185' title='bbox 1334 2817 1572 2876; x_wconf 86' lang='lat' dir='ltr'>cessant,</span> 
     </span>
     <span class='ocr_line' id='line_1_27' title="bbox 212 2899 1532 2978; baseline 0.004 -24"><span class='ocrx_word' id='word_1_186' title='bbox 212 2901 284 2955; x_wconf 88' lang='lat' dir='ltr'>Et</span> <span class='ocrx_word' id='word_1_187' title='bbox 310 2899 571 2978; x_wconf 89' lang='lat' dir='ltr'>cujusque</span> <span class='ocrx_word' id='word_1_188' title='bbox 592 2905 741 2960; x_wconf 87' lang='lat' dir='ltr'>modi</span> <span class='ocrx_word' id='word_1_189' title='bbox 769 2905 1066 2961; x_wconf 83' lang='lat' dir='ltr'>formarum</span> <span class='ocrx_word' id='word_1_190' title='bbox 1095 2918 1306 2962; x_wconf 84' lang='lat' dir='ltr'>vertere</span> <span class='ocrx_word' id='word_1_191' title='bbox 1331 2906 1387 2959; x_wconf 89' lang='lat' dir='ltr'>in</span> <span class='ocrx_word' id='word_1_192' title='bbox 1418 2926 1532 2960; x_wconf 92' lang='lat' dir='ltr'>ora.</span> 
     </span>
     <span class='ocr_line' id='line_1_28' title="bbox 214 2998 1580 3062; baseline 0.003 -9"><span class='ocrx_word' id='word_1_193' title='bbox 214 3000 292 3054; x_wconf 94' lang='lat' dir='ltr'>Ut</span> <span class='ocrx_word' id='word_1_194' title='bbox 316 2998 487 3055; x_wconf 87' lang='lat' dir='ltr'>nubes</span> <span class='ocrx_word' id='word_1_195' title='bbox 514 2999 667 3058; x_wconf 85' lang='lat' dir='ltr'>facile</span> <span class='ocrx_word' id='word_1_196' title='bbox 697 3005 973 3061; x_wconf 91' lang='lat' dir='ltr'>interdum</span> <span class='ocrx_word' id='word_1_197' title='bbox 1006 3025 1352 3062; x_wconf 90' lang='lat' dir='ltr'>concrescere</span> <span class='ocrx_word' id='word_1_198' title='bbox 1384 3004 1439 3058; x_wconf 90' lang='lat' dir='ltr'>in</span> <span class='ocrx_word' id='word_1_199' title='bbox 1469 3002 1580 3058; x_wconf 89' lang='lat' dir='ltr'>alto</span> 
     </span>
     <span class='ocr_line' id='line_1_29' title="bbox 213 3099 1626 3183; baseline 0.004 -30"><span class='ocrx_word' id='word_1_200' title='bbox 213 3099 527 3173; x_wconf 77' lang='lat' dir='ltr'>Cernimu8‚</span> <span class='ocrx_word' id='word_1_201' title='bbox 556 3113 610 3157; x_wconf 86' lang='lat' dir='ltr'>et</span> <span class='ocrx_word' id='word_1_202' title='bbox 641 3105 830 3160; x_wconf 90' lang='lat' dir='ltr'>mundi</span> <span class='ocrx_word' id='word_1_203' title='bbox 857 3107 1090 3183; x_wconf 88' lang='lat' dir='ltr'>speciem</span> <span class='ocrx_word' id='word_1_204' title='bbox 1123 3104 1326 3162; x_wconf 86' lang='lat' dir='ltr'>violare</span> <span class='ocrx_word' id='word_1_205' title='bbox 1355 3124 1626 3174; x_wconf 86' lang='lat' dir='ltr'>serenam,</span> 
     </span>
     <span class='ocr_line' id='line_1_30' title="bbox 213 3197 1550 3282; baseline 0.002 -27"><span class='ocrx_word' id='word_1_206' title='bbox 213 3200 353 3255; x_wconf 87' lang='lat' dir='ltr'>Aera</span> <span class='ocrx_word' id='word_1_207' title='bbox 386 3197 684 3257; x_wconf 90' lang='lat' dir='ltr'>mulcentes</span> <span class='ocrx_word' id='word_1_208' title='bbox 717 3216 897 3276; x_wconf 88' lang='lat' dir='ltr'><strong>motu;</strong></span> <span class='ocrx_word' id='word_1_209' title='bbox 928 3226 1055 3261; x_wconf 89' lang='lat' dir='ltr'>nam</span> <span class='ocrx_word' id='word_1_210' title='bbox 1087 3226 1226 3282; x_wconf 75' lang='lat' dir='ltr'>saepe</span> <span class='ocrx_word' id='word_1_211' title='bbox 1263 3205 1550 3281; x_wconf 87' lang='lat' dir='ltr'><strong>gigantum</strong></span> 
     </span>
     <span class='ocr_line' id='line_1_31' title="bbox 217 3298 1602 3375; baseline 0.004 -22"><span class='ocrx_word' id='word_1_212' title='bbox 217 3299 330 3353; x_wconf 84' lang='lat' dir='ltr'>Ora</span> <span class='ocrx_word' id='word_1_213' title='bbox 360 3298 540 3355; x_wconf 83' lang='lat' dir='ltr'>volare</span> <span class='ocrx_word' id='word_1_214' title='bbox 575 3299 846 3373; x_wconf 83' lang='lat' dir='ltr'>videntur,</span> <span class='ocrx_word' id='word_1_215' title='bbox 880 3317 933 3360; x_wconf 89' lang='lat' dir='ltr'>et</span> <span class='ocrx_word' id='word_1_216' title='bbox 966 3305 1217 3361; x_wconf 87' lang='lat' dir='ltr'><strong>umbram</strong></span> <span class='ocrx_word' id='word_1_217' title='bbox 1244 3303 1440 3360; x_wconf 86' lang='lat' dir='ltr'>ducere</span> <span class='ocrx_word' id='word_1_218' title='bbox 1464 3302 1602 3375; x_wconf 80' lang='lat' dir='ltr'><strong>late3</strong></span> 
     </span>
    </p>
   </div>
  </div>
 </body>
</html>
