2300 3926
0 3018 28 3070 'ri

212 295 425 347 (nn-1011.)
615 295 697 340 DE
727 293 950 340 RERUM
984 293 1232 338 NATURA
1269 293 1376 338 LIB.
1412 295 1497 339 III.
1811 295 1897 339 113

208 401 350 456 Nam
364 413 544 476 petere
560 398 843 475 imperium
853 438 868 466 ,
885 395 1031 472 quod
1047 397 1205 451 inane
1222 409 1325 468 est,
1343 417 1442 453 nec
1458 396 1619 452 datur
1633 415 1872 471 unquam
1882 440 1896 468 ,

205 501 387 575 Atque
411 501 468 554 in
493 520 558 554 eo
584 516 792 572 semper
818 494 1017 550 durum
1042 495 1267 551 sufferre
1294 494 1568 565 laborem3

180 602 320 654 ,Hoc
346 611 427 656 est
450 598 671 654 adverso
696 596 971 651 nixantem
997 596 1215 652 trudere
1242 608 1428 652 monte

200 698 431 767 Saxum;
458 695 604 773 quod
639 706 819 750 tamen
844 715 877 750 a
903 715 1116 751 summo
1141 697 1256 772 jam
1287 696 1489 750 vertice
1520 713 1739 748 rursum

198 790 476 866 Volvitur,
508 806 561 850 et
593 793 741 870 plani
777 796 977 870 raptim
1010 795 1148 870 petit
1182 814 1400 870 aequora
1428 794 1623 868 campi.

275 893 512 966 Deinde,
547 894 715 948 animi
748 895 1016 970 ingratam
1042 905 1296 948 naturam
1322 911 1541 968 pascere
1568 911 1803 967 semper,

108 1020 115 1026 ’
195 998 377 1069 Atque
400 992 613 1069 explere
637 993 796 1048 bonis
821 992 985 1048 rebus
1001 1035 1017 1064 ,
1048 992 1349 1067 satiareque
1378 1010 1696 1066 nunquam3

192 1091 356 1164 Quod
388 1091 595 1148 faciunt
625 1091 780 1148 nobis
811 1112 1082 1147 annorum
1114 1102 1359 1167 tempora
1375 1132 1390 1161 ,
1425 1091 1634 1160 circum

189 1192 377 1263 Quum
403 1192 666 1263 redeunt,
699 1191 965 1267 foetusque
994 1191 1209 1262 ferunt,
1240 1192 1527 1265 variosque
1561 1187 1805 1265 leporeS,

188 1292 303 1348 Nec
329 1303 513 1347 tamen
539 1291 820 1368 explemur
845 1292 978 1346 vitai
1007 1291 1275 1354 fructibus
1303 1310 1547 1366 unquam
1580 1310 1593 1342 ε

135 1382 138 1386 4
187 1393 337 1462 Hoc,
370 1403 433 1446 ut
464 1392 692 1467 opinor,
723 1390 781 1446 id
812 1401 928 1463 est,
959 1410 1073 1446 aevo
1104 1389 1332 1445 florente
1359 1388 1599 1466 puellas,

186 1489 353 1562 Quod
383 1503 721 1563 memorant,
752 1489 969 1546 laticem
1001 1501 1285 1566 pertusum
1313 1508 1607 1564 congerere
1638 1488 1694 1541 in
1726 1506 1818 1540 vas
1837 1528 1852 1555 ‚

186 1588 354 1660 Quod
388 1601 570 1644 tamen
602 1587 806 1665 expleri
834 1587 985 1644 nulla
1019 1588 1231 1643 ratione
1263 1598 1526 1663 potestur.

263 1687 532 1743 Cerberus
563 1700 619 1743 et
652 1688 826 1743 Furiae
854 1688 970 1763 jam
1003 1707 1134 1742 vero
1152 1728 1167 1757 ,
1201 1698 1257 1741 et
1290 1685 1426 1741 lucis
1462 1705 1663 1762 egenus

183 1788 442 1866 Tartarus
459 1828 475 1858 ,
508 1785 805 1842 horriferos
838 1798 1089 1843 eructans
1121 1786 1368 1841 faucibus
1396 1797 1556 1841 aestus
1576 1828 1591 1855 ,

184 1887 312 1940 Haec
337 1905 515 1960 neque
541 1898 670 1941 sunt
698 1906 959 1962 usquam,
989 1907 1167 1963 neque
1191 1897 1420 1963 possunt
1449 1904 1562 1940 esse
1592 1894 1852 1960 protecto,

182 1983 290 2038 Sed
322 1996 497 2039 metus
528 1986 586 2039 in
619 1986 730 2041 vita
765 1998 1050 2062 poenarum
1084 2007 1186 2063 pro
1217 1985 1513 2042 malefactis

179 2084 277 2137 Est
304 2083 608 2159 insignibus
635 2086 862 2161 insignis
879 2128 894 2156 ,
930 2084 1254 2162 scelerisque
1280 2085 1425 2141 luela

179 2182 408 2251 Carcer,
435 2194 490 2237 et
519 2182 797 2238 horribilis
831 2183 898 2238 de
934 2205 1063 2239 saxo
1090 2183 1255 2259 jactu’
1294 2185 1583 2256 deorsum,

177 2279 454 2350 Verbera,
490 2279 769 2337 carnifices
788 2323 803 2353 ,
838 2282 1035 2355 robur,
1074 2284 1200 2358 pix,
1234 2281 1467 2354 lamina,
1499 2281 1669 2337 taedae.

176 2380 314 2451 Quae
346 2392 531 2435 tamen
559 2393 613 2436 et
647 2382 691 2436 si
720 2382 948 2454 absunt,
980 2394 1037 2437 at
1065 2403 1217 2437 mens
1247 2383 1348 2438 sibi
1378 2382 1595 2437 conscia
1626 2381 1756 2436 facti

174 2481 542 2536 Praemetuens
561 2522 577 2552 ,
611 2479 833 2536 adhibet
866 2479 1146 2551 stimuIOS,
1182 2493 1461 2557 torretque
1494 2478 1720 2557 flagellis
1746 2500 1758 2533 :

174 2560 290 2635 Nec
318 2578 466 2635 videt
499 2579 738 2651 interea,
770 2574 865 2656 qui
899 2580 1165 2636 terminus
1195 2601 1309 2636 esse
1342 2579 1616 2636 malorum

175 2678 349 2735 Possit
366 2722 382 2748 ,
411 2699 511 2735 nec
538 2699 658 2755 quae
687 2680 757 2735 sit
783 2700 1068 2756 poenarum
1098 2680 1334 2756 denique
1364 2678 1522 2749 finis;

176 2779 362 2851 Atque
383 2777 573 2834 eadem
598 2779 795 2835 metuit
817 2780 990 2856 magis
1013 2780 1130 2835 haec
1155 2800 1224 2835 ne
1252 2778 1309 2833 in
1336 2790 1514 2833 morte
1538 2789 1857 2854 gravescant
1881 2798 1893 2831 ε

174 2875 318 2931 Hinc
344 2875 641 2935 Acherusia
667 2878 730 2934 fit
769 2878 1064 2935 stultorum
1097 2878 1332 2954 denique
1359 2878 1488 2932 vita.

256 2977 375 3029 Hoc
409 2976 572 3032 etiam
598 2978 700 3033 tibi
729 2990 848 3035 tute
878 2978 1158 3034 interdum
1187 2978 1366 3033 dicere
1392 2978 1566 3052 possis
1598 2998 1610 3030 ε

178 3073 414 3144 Lumina
444 3073 516 3129 sis
546 3075 715 3133 oculis
749 3079 912 3134 etiam
939 3079 1116 3135 bonus
1149 3076 1323 3135 Ancu’
1358 3076 1582 3152 reliquit
1601 3118 1616 3147 ,

177 3173 291 3245 Qui
323 3170 516 3228 melior
544 3173 729 3231 multis
756 3198 922 3253 quam
956 3191 1018 3235 tu
1052 3179 1155 3235 fuit
1174 3220 1188 3249 ,
1220 3176 1499 3253 improbe,
1535 3176 1713 3231 rebus

178 3271 312 3327 Inde
338 3270 430 3327 alii
461 3271 620 3329 multi
649 3294 802 3352 reges
828 3260 1121 3354 rerumque
1152 3289 1401 3354 potentes

1619 3376 1651 3430 8
