2300 3926
422 283 481 324 70
995 265 1047 308 T.
1086 263 1381 308 LUCRETII
1417 264 1557 309 CARI
1647 274 1649 277 ·
1937 261 2119 310 (mozo-³

420 368 636 426 Scilicet
669 382 731 424 ut
761 381 1034 444 nequeant
1066 369 1340 438 homineS‚
1375 378 1620 423 armenta
1646 365 1878 438 feraeque

419 472 568 525 Inter
601 489 711 524 sese
738 467 904 523 ullam
933 488 1048 523 rem
1079 468 1300 543 gignere
1328 464 1701 521 conveniendo

417 572 521 624 Per
545 569 775 624 Veneris
804 587 912 638 reS,
937 578 1087 621 extra
1111 565 1388 634 homines,
1420 577 1665 620 armenta
1695 563 1959 638 ferasque.

498 667 664 740 Quod
691 668 734 722 si
764 667 902 722 forte
930 685 1088 721 suum
1112 663 1396 719 dimittunt
1424 683 1651 739 corpore
1678 681 1920 731 sensum,

397 770 599 842 ‘Atque
630 765 796 822 alium
824 765 1070 841 capiunt,
1102 762 1234 839 quid
1268 782 1406 838 opus
1437 761 1542 816 fuit
1572 761 1804 816 attribui
1831 758 1979 834 quod

421 867 772 926 Detrahitur?
798 868 940 923 Turn
969 878 1231 943 praeterea
1259 863 1445 941 (quod
1474 862 1713 939 fugimus
1746 859 1934 936 ante),

422 969 698 1041 Quatinus
727 969 784 1023 in
812 966 989 1044 pullos
1020 964 1277 1021 animales
1306 964 1506 1020 vertier
1538 982 1642 1018 ova

410 1067 709 1142 *Cernimus
742 1065 999 1137 alituum,
1028 1067 1347 1139 vermesque
1380 1061 1672 1130 effervere,
1701 1072 1905 1115 terram

422 1165 839 1239 Intempestivos
869 1184 1041 1238 quum
1070 1174 1263 1238 putror
1293 1162 1437 1237 cepit
1466 1161 1535 1216 ob
1571 1159 1770 1214 imbres
1795 1179 1807 1212 ε

425 1260 569 1318 Scire
602 1261 728 1316 licet
753 1262 902 1336 gigni
933 1281 1088 1336 posse
1116 1282 1182 1315 ex
1210 1243 1321 1315 non
1350 1256 1582 1314 sensibu’
1614 1277 1817 1313 sensus.

510 1358 675 1428 Quod
701 1360 745 1413 si
779 1358 919 1413 forte
945 1357 1142 1436 aliquis
1173 1357 1316 1412 dicet
1344 1357 1610 1411 duntaxat
1638 1339 1770 1409 oriri

425 1462 588 1514 Posse
618 1478 684 1513 ex
712 1479 824 1512 non
858 1478 1019 1513 sensu
1055 1476 1242 1512 sensus
1260 1497 1276 1528 ‚
1305 1451 1671 1510 mutabilitate

430 1560 570 1615 Ante
601 1555 805 1632 aliqua,
836 1568 1096 1631 tanquam
1125 1566 1369 1631 partum,
1400 1574 1565 1630 quam
1593 1552 1846 1631 proditur
1872 1561 2047 1606 extra:

428 1657 570 1711 Huic
601 1656 728 1710 satis
757 1653 896 1710 illud
923 1655 1027 1710 erit
1056 1654 1282 1730 planum
1311 1653 1487 1709 facere
1521 1664 1684 1728 atque
1711 1651 1967 1728 probare,

429 1759 553 1814 Non
587 1757 703 1811 fieri
733 1768 951 1832 partum
982 1756 1085 1810 nisi
1111 1753 1345 1809 concilio
1375 1765 1500 1809 ante
1531 1765 1746 1823 coacto;

429 1858 548 1912 Nec
582 1855 906 1911 commutari
936 1853 1234 1930 quidquam
1266 1853 1382 1908 sine
1410 1850 1703 1908 conciliatu

434 1954 764 2023 Primorum,
795 1963 858 2007 ut
890 1964 1164 2026 nequeant
1191 1949 1358 2006 ullius
1387 1951 1632 2028 corporis
1660 1968 1775 2005 esse

432 2056 631 2108 Sensus
660 2063 785 2106 ante
825 2051 996 2126 ipsam
1027 2051 1264 2126 genitam
1300 2060 1555 2104 naturam
1587 2048 1894 2103 animantis.

430 2151 710 2209 Nimirum
739 2150 867 2224 quia
889 2149 1140 2203 materies
1170 2147 1395 2223 disjecta
1422 2158 1643 2203 tenetur

434 2253 597 2320 Aere,
630 2247 975 2317 fluminibuS,
1010 2246 1169 2301 terris
1198 2245 1527 2321 flammaque
1555 2246 1784 2302 creatis:

435 2350 554 2406 Nec
583 2366 869 2422 congressa
900 2345 1064 2400 modo
1095 2342 1287 2400 vitales
1317 2345 1677 2400 convenienti

438 2444 688 2504 Contulit
718 2445 859 2499 inter
889 2465 944 2499 se
973 2454 1181 2514 motuS‚
1212 2443 1410 2517 quibus
1440 2445 1808 2512 omnituentes

438 2545 669 2604 Accensi
698 2564 885 2599 sensus
914 2542 1251 2597 animantem
1279 2562 1554 2617 quamque
1586 2554 1825 2597 tuentur.

519 2642 805 2710 Praeterea,
834 2642 1081 2717 quamvis
1106 2643 1436 2697 animantem
1467 2639 1726 2716 grandior
1754 2640 1893 2695 ictus
1911 2682 1926 2709 7

443 2743 627 2814 Quam
655 2743 862 2818 patitur
891 2753 1110 2810 natura,
1141 2751 1367 2817 repente
1397 2739 1630 2815 adfligit,
1661 2751 1714 2794 et
1742 2759 1929 2793 omnes

445 2841 700 2916 Corporis
731 2852 892 2916 atque
922 2840 1089 2895 animi
1124 2840 1301 2916 pergit
1328 2837 1662 2894 confundere
1687 2857 1888 2913 sensus.

445 2937 832 2995 Dissolvuntur
861 2939 1005 2994 enim
1032 2939 1288 3014 positurae
1316 2937 1734 3014 principiorum,

446 3041 517 3092 Et
548 3037 762 3113 penitus
791 3049 971 3116 motus
1003 3035 1190 3092 vitales
1223 3036 1623 3111 impediuntur-3

448 3138 638 3190 Donec
659 3136 932 3207 materieS‚
962 3156 1149 3191 omnes
1184 3155 1444 3190 concussa
1479 3154 1576 3210 per
1604 3147 1781 3204 artUS‚

448 3229 652 3287 Vitales
682 3230 871 3286 animae
899 3230 1085 3288 nodos·
1106 3251 1135 3287 e
1170 3249 1399 3308 corpore
1430 3227 1616 3302 solvit,
