2320 3866
877 267 880 269 ’
890 257 957 300 ΙΝ
990 257 1370 305 LUCRETIUM.
1891 267 1916 311 3
1927 281 1944 310 1
1955 263 1981 310 5

275 349 531 396 cervicibus
566 352 734 398 nostris
763 351 1093 410 sempiternum
1129 351 1371 398 dominum
1387 390 1400 412 ,
1446 371 1587 416 quem
1615 356 1713 402 dies
1750 366 1797 406 et
1823 369 1982 406 noctes

277 426 550 473 timeremus.
575 428 691 485 Quis
712 428 833 473 enim
861 442 959 471 non
985 427 1143 472 timeat
1171 431 1325 475 omnia
1345 432 1673 491 providentem
1695 441 1741 477 et
1768 434 1975 480 animad-

272 510 528 548 vertentem
550 513 596 549 et
618 503 772 550 omnia
797 502 858 546 ad
886 517 934 546 se
955 503 1190 563 pertinere
1228 514 1497 566 putantem,
1523 508 1760 553 curiosum
1789 516 1836 553 et
1874 511 1978 568 ple—

197 568 202 572 *
272 593 385 621 num
412 579 588 641 negotii
614 578 797 625 Deum?
816 597 835 617 υ

337 655 490 700 Moles
504 666 548 700 et
567 655 784 700 machina
805 656 970 700 mundi
983 654 1042 717 (v.
1068 658 1171 722 97).
1194 661 1303 704 Haec
1317 675 1404 720 per
1425 660 1706 721 hendyaden
1727 660 1852 705 dicta
1874 669 1982 705 sunt

269 743 359 788 pro
381 733 526 775 moles
547 730 776 776 machinoe
804 733 1070 778 mundanoe.

333 810 460 852 Ante
485 807 546 868 (v.
588 804 710 867 101).
741 806 926 852 Scilicet
961 819 1069 857 ante
1105 811 1357 854 insolitam.
1390 811 1605 855 Ceterum
1635 810 1879 856 Lucretius
1905 810 1979 856 hic

266 882 470 928 imitatur
489 881 818 941 Empedoclem
840 883 970 942 apud
998 885 1126 929 Clem
1162 886 1294 929 Alex.
1318 886 1480 929 Stmm.
1498 920 1512 942 ,
1539 901 1585 942 v,
1614 900 1687 930 12.

338 959 424 1003 Via
446 973 538 1018 qua
559 959 734 1002 munita
745 959 876 1017 fidei
901 957 963 1023 (v.
993 959 1117 1024 103).
1140 962 1208 1006 Ea
1229 960 1353 1006 enim
1377 961 1577 1007 maxime
1614 961 1848 1007 credimus
1877 978 1975 1022 quae

265 1035 494 1080 cernimus
517 1043 597 1079 aut
618 1035 861 1097 tangimus.

332 1112 595 1158 Dimcrbent
624 1113 802 1157 moem'a
836 1114 999 1158 mundi
1021 1111 1080 1175 (v.
1104 1111 1227 1176 120).
1254 1134 1273 1155 «
1291 1115 1349 1160 Id
1383 1123 1476 1174 est,
1511 1115 1730 1177 probant.
1751 1114 1976 1161 mundum

260 1185 571 1234 interiturum.
594 1191 666 1234 Ita
687 1189 932 1251 Virgilius,
955 1191 1056 1235 Ecl.
1080 1207 1131 1235 VI
1149 1225 1163 1249 ,
1188 1190 1250 1236 62
1275 1208 1286 1235 ε

433 1317 535 1355 Τ11111
551 1315 855 1358 Phaetontiadas
868 1331 1000 1358 musco
1021 1317 1236 1359 circumdat
1247 1311 1391 1359 'amaroe
1427 1310 1429 1312 ³

430 1384 620 1435 Corticis,
643 1393 761 1440 atque
782 1386 864 1426 solo
881 1372 1063 1441 proceras
1084 1387 1197 1440 erigit
1215 1389 1343 1437 alnos,

256 1501 287 1548 i.
311 1518 352 1548 e.
381 1503 603 1550 describit
629 1520 727 1566 quo
745 1514 886 1566 pacto
901 1521 959 1551 ex
973 1507 1247 1553 Heli‘adibus
1269 1507 1363 1552 alni
1385 1506 1687 1553 surrexerint.
1712 1508 1829 1554 Inde
1846 1509 1975 1568 apud

257 1578 556 1626 Aristotelem
580 1597 592 1626 :
624 1588 676 1630 Οἱ
707 1595 918 1646 γεννῶντες
939 1590 1004 1631 τὸν
1028 1591 1202 1646 κόσμον,
1226 1582 1310 1643 qui
1343 1583 1550 1643 probant
1580 1583 1808 1628 mundum
1839 1584 1975 1646 geni—-

256 1664 358 1702 tum
380 1672 502 1714 esse,
526 1666 572 1702 et
593 1657 711 1703 illud
735 1659 938 1703 Platonis
959 1659 1218 1704 notandum
1241 1659 1325 1720 qui
1347 1662 1439 1715 τοὺς
1456 1667 1616 1724 ξεόντας
1645 1659 1816 1705 alicubi
1834 1670 1973 1707 vocat

254 1747 336 1778 eos
350 1748 376 1778 e
403 1732 714 1793 philosophiS,
732 1734 817 1794 qui
839 1734 993 1780 omnia
1018 1735 1068 1779 in
1091 1743 1325 1796 perpetuo
1359 1734 1494 1780 fluxu
1516 1751 1612 1780 esse
1637 1735 1859 1781 dicerent.
1885 1757 1905 1778 »

1688 1813 1866 1859 Fiam.

320 1885 468 1937 Haud
491 1885 631 1949 igitur·
645 1897 858 1934 constant
871 1885 931 1952 (v.
961 1886 1092 1953 145).
1116 1908 1135 1931 α
1156 1887 1252 1945 Qui
1266 1889 1494 1933 mundum
1516 1889 1671 1950 ipsum
1688 1890 1968 1935 animantem

250 1962 599 2026 sapientemque
628 1981 724 2012 esse
766 1966 1017 2025 dixerunt,
1039 1968 1172 2012 nullo
1193 1965 1340 2011 modo
1375 1965 1632 2030 vide[runt]
1655 1966 1795 2012 animi
1826 1977 1968 2013 natu—

250 2056 394 2086 ram...
414 2042 719 2105 intelligentes
733 2078 747 2102 ‚
771 2044 822 2089 in
843 2060 987 2106 quam
1008 2042 1208 2105 figuram
1235 2042 1403 2088 cadere
1418 2051 1591 2103 posset.
1612 2063 1632 2084 ³,
1658 2046 1776 2102 Cre„
1795 2046 1854 2090 N.
1871 2047 1931 2090 D.
1949 2079 1964 2100 ,

249 2131 268 2160 1
284 2149 298 2173 ,
332 2133 403 2162 10.

315 2194 390 2238 De
414 2191 607 2255 corpor-e
635 2194 700 2259 (v.
741 2193 874 2258 155).
907 2197 944 2240 I.
978 2210 1016 2240 e.
1043 2210 1134 2255 pro
1166 2209 1390 2255 corpore,
1414 2195 1475 2239 ad
1497 2195 1726 2259 rationem
1748 2204 1795 2240 et
1823 2205 1965 2241 natu-

249 2284 349 2314 ram
371 2270 605 2331 corporis3
627 2279 682 2316 ut
702 2271 944 2332 saepissime
972 2271 1100 2331 apud
1125 2271 1409 2316 Lucretium.

314 2343 375 2406 (v.
406 2345 531 2411 177.)
557 2350 627 2393 De
655 2349 892 2410 graecismo
920 2348 1002 2393 illo
1033 2348 1162 2392 nobis
1198 2363 1290 2392 non
1314 2364 1417 2392 esse
1446 2350 1611 2392 creatas·
1632 2347 1714 2393 vix
1744 2363 1865 2408 opus
1896 2358 1962 2394 est

250 2430 305 2467 ut
346 2422 512 2468 dicam.
540 2424 679 2470 Plura
712 2426 923 2486 exempla
961 2423 1160 2470 contulit
1197 2424 1379 2468 Rudim.
1405 2426 1519 2469 Inst.
1558 2425 1660 2480 Gn,
1694 2441 1736 2469 11
1751 2459 1764 2483 ,
1788 2439 1835 2484 p.
1874 2423 1929 2469 15
1948 2461 1961 2484 ,

250 2495 305 2555 5,
325 2507 424 2544 not.
452 2505 526 2555 40.

311 2577 410 2620 Nec
423 2575 527 2633 fuit
554 2578 601 2622 in
629 2592 814 2622 numero
838 2575 899 2640 (v.
929 2574 1053 2638 181).
1084 2576 1264 2636 Nempe
1285 2591 1444 2621 rerum
1468 2585 1742 2622 creatarum.

313 2648 380 2713 (v.
405 2650 494 2696 182
517 2653 638 2716 sqq.)
666 2674 685 2695 «
712 2656 830 2698 Tota
847 2652 1053 2697 omnium
1079 2667 1238 2697 rerum
1266 2651 1455 2699 notities
1477 2668 1503 2697 a
1527 2652 1781 2699 simulacris
1802 2670 1961 2700 rerum

246 2726 592 2775 incurrentibus
625 2729 896 2787 derivatur3
928 2728 995 2774 dii
1027 2729 1165 2773 etiam
1197 2727 1314 2773 nihil
1365 2727 1708 2774 inconsiderate
1752 2731 1959 2790 faciunt3

249 2802 485 2864 quidquid
514 2819 649 2868 agere
689 2806 1002 2863 constituunt,
1031 2804 1149 2850 illud
1178 2804 1438 2865 praevident
1462 2821 1472 2849 :
1497 2813 1544 2849 at
1571 2807 1707 2850 nullae
1737 2806 1958 2869 imagines

246 2894 405 2924 rerum
426 2879 477 2925 in
497 2891 696 2928 mentem
715 2883 920 2929 divinam
943 2882 1109 2928 cadere
1134 2889 1394 2942 potuerunt
1409 2917 1422 2939 ,
1443 2897 1591 2941 quum
1611 2897 1685 2927 res
1708 2882 1818 2943 ipsae
1840 2899 1959 2929 non—

248 2955 362 3000 dum
383 2956 661 3017 exstiterint,
675 2959 878 3021 ideoque
892 2959 1048 3019 inepte
1074 2958 1241 3019 aliquis
1264 2958 1388 3003 dicat
1413 2957 1526 3003 deos
1551 2959 1740 3017 coelum,
1758 2969 1927 3005 terram
1942 2996 1956 3018 ,

245 3031 462 3078 animalia
491 3034 646 3080 omnia
667 3051 855 3083 creasse.
883 3056 903 3078 »
929 3038 1138 3082 Canen.
1629 3083 1631 3085 .

315 3110 508 3154 Genitut·
519 3107 579 3172 (v.
609 3110 738 3175 195).
770 3113 844 3158 Sic
865 3129 890 3159 e
914 3112 1129 3158 Lambini
1154 3111 1275 3170 conj.
1300 3110 1482 3157 Wakef.
1506 3127 1564 3157 ex
1587 3111 1803 3157 omnibus
1825 3112 1956 3158 libris

245 3185 482 3231 revocavit
508 3188 691 3248 geritur.

312 3263 508 3308 Avidam
530 3261 590 3326 (v.
619 3263 744 3326 202).
772 3267 950 3324 «Quasi
973 3267 1170 3325 scilicet,
1191 3282 1272 3312 sua
1294 3265 1515 3327 portione
1538 3281 1704 3326 parum
1731 3266 1952 3322 contenti,
