2320 3866
384 252 476 312 296
995 251 1488 298 ADNo'rATmNEs

446 347 626 395 Peritdc
649 347 709 412 (v.
739 345 865 409 710).
891 350 925 393 Ι.
960 363 997 392 e.
1022 348 1259 408 peritarat.
1284 349 1353 394 Cf.
1378 349 1438 394 ad
1468 365 1485 392 1
1501 383 1513 405 ‚
1539 364 1612 405 71.

447 433 511 499 (v.
540 433 669 498 721.)
698 437 770 479 De
800 450 917 480 voce
941 450 1053 480 exos
1068 468 1083 489 ,
1131 452 1235 496 quae
1264 445 1433 496 praeter
1463 434 1804 480 nominativum
1834 431 1916 497 (ut
1945 435 2022 480 hic
2054 445 2099 480 et

381 513 510 572 apud
541 512 745 567 Arnob.,
770 526 843 569 ιν,
868 527 917 571 p.
947 508 1053 574 131)
1087 520 1133 556 et
1163 512 1476 557 accusativum
1509 509 1592 575 (ut
1622 510 1751 571 apud
1783 513 1956 568 Plaut.‚
1990 513 2099 556 Me-

379 588 559 642 noeclz.,
594 603 650 644 V,
687 603 767 644 11,
806 587 922 644 106,
955 595 1001 633 et
1035 588 1205 647 Apul.,
1239 589 1380 643 Met.,
1421 605 1466 647 1,
1497 605 1544 649 p.
1584 604 1666 645 21,
1709 584 1847 650 Oud.)
1881 603 1980 632 non
2015 602 2100 632 oc-

380 679 567 709 currere
590 662 798 720 videtur,
823 663 879 708 cf.
906 665 1109 708 WAKEF.
1136 663 1197 708 ad
1219 664 1344 708 hunc
1374 665 1544 709 locum.

444 750 611 809 Affne
626 746 688 813 (v.
716 747 849 812 733).
875 749 1056 795 Wakef.
1083 766 1189 795 cum
1214 750 1431 795 omnibus
1446 750 1575 796 libris
1599 761 1646 796 et
1652 751 1782 811 fine,
1809 758 1863 795 ut
1885 748 1990 794 finis
2009 764 2099 808 pro

375 834 528 871 morte
551 827 759 886 positum
782 826 866 884 sit,
889 834 943 870 ut
967 826 1096 886 apud
1118 828 1226 871 Tac.
1241 862 1254 884 ,
1286 829 1407 871 Arm.
1419 860 1434 882 ,
1464 842 1515 871 1v
1530 861 1542 883 ‚
1571 843 1650 888 193
1674 843 1761 884 xv,
1785 826 1871 884 63,
1896 835 1981 871 etc.

446 913 644 974 Contagi
663 910 723 975 (v.
755 910 883 975 734).
909 910 983 957 Sic
1007 914 1169 957 Lamb.
1206 929 1231 958 e
1267 913 1391 972 conj.
1429 913 1613 973 scripsit
1634 930 1723 973 pro
1758 912 1970 958 omnium
2003 911 2099 957 fere
2147 958 2150 962 ,

376 988 607 1033 librorum
629 998 836 1048 contage.
862 991 932 1032 De
955 989 1044 1032 hac
1065 1004 1190 1048 vero*
1204 989 1395 1033 ablativi
1418 989 1749 1042 terminatione
1777 990 1827 1033 in
1851 991 1894 1044 i,
1921 987 2098 1033 dictum

377 1073 445 1109 est
475 1064 536 1108 ad
566 1080 614 1120 1,
649 1080 762 1124 977.
797 1065 957 1124 Fungi
979 1072 1136 1108 autem
1160 1078 1251 1123 pro
1276 1065 1376 1123 pati
1397 1065 1627 1123 positum,
1654 1074 1731 1123 ut,
1767 1083 1785 1110 1
1804 1078 1827 1123 ‚‘
1853 1071 1968 1122 4443
2005 1081 2097 1121 111,

380 1141 493 1200 169,
519 1141 636 1196 814,
672 1148 718 1184 et
741 1139 929 1199 saepius;
953 1139 1087 1197 cujus
1111 1139 1510 1185 constructionem
1535 1141 1642 1185 curn
1675 1141 1938 1192 accusativo
1964 1141 2097 1201 quod

374 1216 565 1272 attinet,
589 1215 647 1260 cf.
672 1217 891 1273 Nomas,
915 1231 994 1273 lx,
1021 1222 1072 1273 4,
1100 1216 1142 1262 5.

448 1304 668 1363 Quamvis
691 1304 800 1348 'utile
831 1300 892 1367 (v.
921 1301 1055 1366 735).
1086 1305 1122 1348 Ι.
1148 1319 1188 1348 e.
1215 1304 1515 1367 quantumvis
1538 1304 1666 1350 utile.

442 1380 857 1441 Nequeconsensu
881 1381 1104 1441 contagia
1119 1380 1245 1439 fient
1278 1378 1341 1444 (v.
1369 1379 1496 1445 740).
1523 1382 1724 1442 «Neque
1746 1381 1815 1426 ita
1849 1396 2020 1441 corpus
2053 1391 2099 1427 et

372 1456 527 1501 anima
550 1457 891 1515 consentirent,
925 1465 971 1502 et
993 1466 1151 1502 motus
1173 1457 1336 1504 vitales
1360 1457 1452 1504 sibi
1471 1457 1672 1504 invicem
1694 1468 1861 1503 mutuo
1885 1458 2100 1518 imperti—
2146 1483 2150 1486 -

373 1541 493 1579 rent.
512 1554 531 1575 »
555 1534 769 1580 Cnmzcu.

438 1623 810 1683 Ingenerascunt
843 1623 979 1683 inque
997 1633 1226 1683 genantur
1246 1619 1308 1684 (v.
1336 1606 1470 1685 745).
1495 1622 1571 1668 Sic
1605 1639 1631 1668 e
1660 1622 1877 1668 Lambini
1901 1621 2096 1670 arbitrio

370 1700 515 1760 vulgo
540 1699 710 1745 editur·
733 1699 916 1745 Wakef.
942 1714 999 1744 ex
1024 1698 1242 1745 omnibus
1265 1698 1395 1744 libris
1417 1699 1620 1745 restituit
1638 1710 1951 1761 generascunt
1972 1701 2099 1761 inge-
2166 1746 2169 1750 ,

372 1778 553 1837 m'oque.
576 1775 794 1820 Lambini
826 1791 940 1821 vero
973 1775 1293 1834 conjecturam
1315 1775 1381 1821 sic
1404 1776 1606 1836 explicat
1636 1777 1787 1821 Faber
1812 1794 1822 1821 :
1848 1796 1867 1817 cx
1890 1780 2096 1837 Ingene-

373 1862 564 1898 rascunt
582 1853 727 1898 habet
749 1852 930 1912 aliquid
952 1851 1090 1897 latius
1115 1861 1161 1898 et
1184 1853 1318 1913 quod
1341 1852 1403 1898 ad
1424 1853 1626 1913 speciem
1639 1853 1786 1915 magis
1807 1852 2035 1913 pertinet3
2054 1861 2101 1897 at

376 1931 652 1991 ingenuntur
673 1930 735 1975 ad
757 1929 1006 1992 singularia
1021 1966 1032 1988 ,
1053 1945 1136 1975 seu
1158 1928 1406 1975 individua
1420 1964 1433 1988 ,
1457 1938 1511 1975 ut
1532 1939 1717 1975 vocant.
1731 1950 1751 1971 »

436 2019 611 2062 Versus
635 2018 727 2075 746
753 2027 799 2062 et
825 2024 914 2075 747
942 2017 1085 2075 infra,
1108 2034 1152 2063 v.
1181 2017 1274 2076 764
1300 2026 1346 2063 et
1371 2016 1492 2075 765,
1516 2019 1578 2064 ad
1611 2018 1808 2064 verbum
1838 2018 2100 2073 iterantur3

373 2094 425 2139 in
445 2100 653 2154 utroque
675 2094 782 2138 loco
805 2093 979 2138 rectius
1001 2094 1173 2156 legitur
1195 2108 1387 2154 corpore
1416 2109 1610 2155 quoque.

432 2178 494 2244 (v.
523 2178 652 2245 750.)
667 2182 738 2226 De
750 2180 943 2226 canibus
965 2181 1181 2242 hyrcanis
1204 2181 1262 2226 cf.
1286 2183 1449 2239 Pmu„
1477 2183 1534 2226 H.
1564 2183 1650 2236 N„
1679 2198 1799 2237 vm,
1822 2181 1878 2225 61
1900 2215 1913 2237 ,
1949 2181 2098 2223 anr.

376 2257 576 2318 Cyneg.,
605 2258 691 2303 161
713 2292 727 2315 ,
751 2265 799 2303 et
821 2258 951 2315 C1c.‚
981 2260 1112 2303 Tusc.
1130 2292 1145 2313 ,
1180 2274 1200 2302 1
1218 2293 1231 2315 ‚
1259 2257 1335 2312 46.

438 2343 751 2400 Trajiciuntur
779 2343 840 2407 (v.
870 2343 996 2408 757).
1022 2347 1058 2391 Ι.
1086 2361 1125 2390 e.
1150 2342 1544 2406 transponuntur.

430 2433 606 2476 Versus
631 2431 722 2488 757
750 2439 796 2475 et
822 2430 915 2488 758
941 2431 1169 2477 delendos
1193 2442 1350 2478 censet
1373 2433 1639 2479 Creechius.

432 2518 491 2562 V.
519 2517 613 2575 763
637 2517 688 2561 in
704 2517 922 2565 omnibus
945 2517 1041 2562 fere
1064 2518 1196 2563 libris
1218 2519 1776 2581 sequentipostponitur,
1795 2526 1840 2562 et
1863 2533 1906 2561 v.
1935 2515 2026 2574 765
2046 2516 2095 2560 in

370 2594 562 2640 duobus
594 2601 780 2639 tantum
812 2593 955 2638 codd.
980 2603 1233 2654 comparet.
1259 2598 1416 2654 Quare
1440 2598 1588 2642 Bentl.
1626 2609 1786 2641 omnes
1809 2602 1901 2638 tres
1935 2608 2096 2637 versus

373 2671 560 2731 spurios
593 2671 750 2716 habet.
783 2670 966 2715 Wakef.
989 2686 1104 2716 vero
1135 2681 1260 2717 certe
1295 2689 1336 2716 v.
1365 2672 1458 2730 765
1492 2672 1801 2732 rejiciendum
1831 2679 1878 2716 et
1912 2685 2097 2715 omnem

372 2749 531 2792 locum
554 2746 619 2793 sic
643 2747 1027 2794 constituendum
1051 2757 1207 2793 censet
1233 2765 1243 2791 ε

546 2894 671 2935 Stulta
694 2902 813 2948 queat
831 2894 917 2934 fieri
930 2925 941 2944 ‚
961 2908 1035 2934 nec
1051 2894 1225 2948 prudens
1246 2893 1297 2934 sit
1315 2907 1415 2949 puer
1435 2895 1555 2943 ullus;

545 2964 588 3004 si
606 2977 689 3004 nou
708 2971 850 3004 cuncta
872 2977 942 3004 suo
962 2963 1055 3018 quia
1072 2963 1221 3004 semine
1243 2962 1487 3018 seminioque
1507 2977 1518 3003 :

545 3034 630 3073 Nec
652 3041 732 3073 tam
756 3033 891 3073 doctus
911 3047 1021 3086 equae
1041 3034 1193 3088 pullus,
1218 3046 1335 3086 quam
1358 3033 1471 3073 fortis
1493 3032 1585 3087 equi
1611 3032 1681 3073 vis.

442 3168 715 3232 Confugient
750 3167 812 3234 (v.
849 3167 975 3234 767).
1012 3170 1246 3217 Nimirum
1276 3186 1359 3226 eo,
1403 3180 1455 3214 ut
1485 3171 1679 3226 dicant,
1726 3169 2002 3231 confugient
2035 3168 2096 3213 ad

369 3245 487 3290 hanc
509 3246 796 3292 sententiam.
825 3247 999 3293 Similia
1023 3246 1236 3308 ellipseos
1261 3248 1476 3307 exempla
1493 3247 1589 3306 jam
1612 3246 1723 3293 alibi
1746 3245 2024 3292 notavimus.
