2320 3866
404 247 492 306 176
975 251 1028 294 T.
1061 251 1359 296 -LUCRETII
1396 253 1535 296 cAm
1580 227 1585 230 ’
1922 255 2105 304 (ιω.)

399 349 694 407 Intervalla
714 393 728 419 ‚
763 352 910 423 vias,
946 373 1219 410 connexus
1238 398 1253 426 ‚
1290 354 1561 431 pondera,
1586 352 1797 431 plagaS,

399 453 740 521 ConcurSUS‚
775 461 955 507 motus
985 452 1268 523 turbabat,
1298 452 1488 529 proelia
1513 454 1771 526 miscenS‚
1810 485 1812 487 v

395 553 630 626 Propter
658 548 942 605 dissimiles
973 549 1173 606 formas
1204 553 1488 628 variasque
1516 553 1717 630 figuras
1740 574 1756 625 3

398 647 568 721 Quod
597 669 711 703 non
746 649 931 704 omnia
966 650 1042 704 sic
1071 660 1324 726 poterant
1352 651 1642 727 conjuncta
1670 673 1890 709 manere
1909 697 1924 725 ,

397 749 516 804 Nec
543 759 726 803 motus
754 748 898 804 inter
925 736 1199 805 sesedare
1235 752 1619 807 convenientes
1647 774 1660 807 ε

398 849 519 901 Hoc
547 858 628 904 est
655 867 686 902 a
716 848 873 903 terris
905 846 1075 918 altum
1102 869 1380 905 secernere
1408 848 1603 905 coelum
1624 894 1640 923 ,

397 947 470 1001 Et
497 965 742 1001 seorsum
769 967 918 1002 mare
945 948 1027 1002 uti
1057 960 1265 1003 secreto
1294 948 1525 1005 humore
1560 962 1772 1026 pateret
1791 994 1805 1019 ‚

401 1045 627 1100 Seorsus
658 1046 788 1100 item
818 1046 943 1120 puri
977 1047 1280 1121 secretique
1309 1047 1523 1102 aetheris
1554 1048 1723 1125 ignes.

481 1144 701 1218 Quippe
733 1145 935 1198 etenim
968 1145 1209 1220 primum
1239 1145 1403 1199 terrai
1430 1165 1664 1222 corpora
1691 1168 1947 1225 quaeque,

399 1244 694 1317 Propterea
723 1241 871 1317 quod
902 1255 1059 1298 erant
1088 1244 1274 1319 gravia
1304 1255 1359 1298 et
1390 1243 1647 1320 perplexa
1665 1288 1680 1317 ,
1710 1248 1961 1319 coibant,

398 1343 465 1394 In
497 1339 787 1416 medioque
821 1342 957 1397 imas
986 1342 1274 1418 capiebant
1303 1342 1489 1398 omnia
1522 1342 1672 1400 sedes
1700 1366 1713 1400 :

400 1440 538 1511 Quae
569 1453 774 1515 quanto
803 1442 974 1518 magis
1006 1437 1161 1497 inter'
1180 1463 1235 1498 se
1262 1442 1518 1520 perplexa
1549 1434 1801 1516 coibant,

400 1542 535 1594 Tam
561 1541 733 1616 magis
766 1561 1078 1616 expressere
1109 1562 1170 1597 ea
1203 1563 1321 1618 quae
1350 1563 1499 1599 mare
1517 1585 1533 1613 ,
1563 1542 1739 1599 sidera
1757 1587 1772 1614 ‚
1806 1539 1974 1600 solem
1993 1587 2008 1616 ,

400 1641 728 1715 Lunamque
762 1639 1068 1712 efficerent,
1101 1653 1154 1696 et
1185 1643 1369 1718 magni
1399 1643 1598 1699 moenia
1627 1642 1852 1699 mundi:

403 1739 604 1807 Omnia
635 1739 779 1794 enim
808 1741 980 1816 magis
1005 1740 1119 1796 haec
1148 1761 1177 1796 e
1211 1739 1434 1798 laevibus
1469 1754 1633 1818 atque
1660 1743 1911 1799 rotundis

403 1838 714 1894 Seminibus
733 1880 748 1908 ‚
782 1815 1066 1915 multoque
1105 1840 1401 1897 minoribu’
1429 1854 1557 1897 sunt
1584 1841 1862 1898 elementis
1880 1886 1896 1915 ,

400 1938 584 2009 Quam
613 1938 805 2008 tellus;
836 1939 956 1994 ideo
987 1960 1084 2015 per
1118 1960 1244 1995 rara
1280 1940 1548 1997 foramina
1581 1953 1738 1997 terrae

400 2037 654 2093 Partibus
681 2058 972 2114 erumpens
1005 2039 1213 2114 primus
1239 2061 1294 2095 se
1320 2040 1541 2096 sustulit
1567 2042 1736 2096 aether

407 2135 674 2211 Signifer,
712 2148 768 2192 et
798 2136 1000 2193 multos
1030 2159 1213 2194 secum
1244 2137 1377 2194 levis
1410 2138 1638 2195 abstulit
1663 2141 1814 2218 ignes
1840 2164 1851 2197 :

401 2236 531 2291 Non
565 2234 671 2291 alia
700 2235 863 2313 longe
897 2238 1109 2295 ratione
1128 2279 1143 2309 ,
1177 2258 1240 2294 ac
1272 2259 1411 2315 saepe
1440 2237 1718 2312 videmUS,

400 2338 578 2390 Aurea
606 2356 778 2411 quum
805 2338 1046 2412 primum
1077 2350 1415 2414 gemmantes
1440 2339 1564 2396 rore
1595 2361 1691 2417 per
1719 2341 1913 2397 herbas

400 2435 679 2490 Matutina
703 2436 905 2490 rubent
938 2418 1134 2513 radiati
1163 2437 1373 2493 lumina
1402 2437 1554 2510 soliS,

406 2534 790 2611 Exhalantque
818 2535 967 2591 lacus
995 2535 1254 2592 nebulam
1288 2537 1550 2614 fluviique
1581 2559 1877 2615 perennes;

407 2636 533 2711 Ipsa
564 2655 784 2711 quoque
812 2635 1089 2696 interdum
1119 2634 1278 2691 tellus
1307 2637 1517 2693 fumare
1541 2638 1793 2694 videtur:

409 2736 612 2791 Omnia
640 2756 760 2811 quae
789 2756 1007 2792 sursum
1039 2757 1212 2812 quum
1248 2736 1614 2793 conciliantur
1642 2738 1699 2792 in
1727 2736 1838 2794 alto
1857 2781 1871 2807 ‚

405 2838 650 2911 Corpore
678 2848 937 2891 concreto
965 2837 1261 2892 subtexunt
1290 2835 1479 2891 nubila
1507 2835 1702 2892 coelum
1728 2859 1739 2891 :

413 2936 505 2990 Sic
533 2937 700 3012 igitur
732 2948 851 2991 tum
879 2957 934 2992 se
960 2935 1093 2992 levis
1120 2956 1182 2991 ac
1213 2935 1465 2992 diffusilis
1490 2937 1658 3011 aether

407 3037 651 3111 Corpore
686 3048 943 3091 concreto
974 3035 1346 3092 circumdatus
1376 3035 1618 3112 undique
1646 3038 1842 3113 sepsit,

407 3136 476 3187 Et
509 3132 615 3189 late
646 3133 874 3190 diffusus
910 3137 968 3190 in
996 3126 1182 3191 omnes
1213 3135 1454 3212 undique
1482 3148 1662 3212 partes
1681 3180 1695 3206 ,

410 3234 606 3288 Omnia
632 3235 707 3290 sic
736 3234 896 3291 avido
922 3235 1207 3313 complexu
1236 3249 1428 3292 caetera
1461 3237 1640 3313 sepsit.
