2320 3866
239 257 289 305 (v.
306 255 420 306 652.)
660 253 742 297 DE
776 251 1000 296 RERUM
1033 250 1280 296 NATURA
1314 252 1425 296 LIB.
1461 253 1517 295 V.
1836 250 1923 295 183

237 359 542 415 Concussos
573 356 703 411 itere
720 396 736 425 ,
769 363 822 408 et
846 350 1138 408 labefactos
1173 373 1296 409 aere
1322 353 1522 422 multo;

237 460 350 513 Aut
375 457 502 532 quia
530 453 629 510 sub
660 463 830 508 terras
863 470 1083 507 cursum
1111 465 1431 508 convertere
1463 452 1609 529 cogit

170 614 175 619 ,
238 558 336 612 Vis
367 554 580 624 eadem,
609 570 801 627 supera
825 562 997 606 terras
1026 572 1147 628 quae
1174 551 1402 629 pertulit
1430 551 1635 607 orbem.

315 657 583 730 Tempore
610 651 740 705 item
769 661 918 705 certo
949 670 1160 706 roseam
1192 653 1405 707 Matuta
1433 670 1532 727 per
1561 669 1684 705 oras

240 753 470 810 AEtheris
491 753 759 809 Auroram
789 748 994 820 defert,
1025 762 1079 805 et
1104 748 1314 804 lumina
1344 748 1563 825 pandit3

237 855 346 909 Aut
370 850 495 927 quia
529 846 607 905 sol
638 846 789 903 idem·
811 849 912 904 sub
942 860 1113 903 terras
1141 847 1233 903 ille
1260 858 1537 903 revertens

236 950 510 1026 Anticipat
537 946 733 1004 coelum
763 946 929 1003 radiis
950 989 965 1020 ‚
1002 945 1297 1003 accendere
1329 958 1581 1017 tentans3

235 1051 346 1105 Aut
372 1047 500 1123 quia
529 1047 861 1103 conveniunt
886 1046 1066 1123 ignes,
1098 1058 1152 1102 et
1181 1046 1388 1102 semina
1415 1044 1590 1102 multa

234 1145 523 1204 Confluere
558 1145 768 1201 ardoris
797 1158 1133 1201 consuerunt
1159 1158 1404 1222 tempore
1433 1157 1611 1215 cerm,

232 1246 373 1318 Quae
402 1244 612 1301 faciunt
639 1243 766 1300 solis
798 1265 942 1301 nova
977 1266 1186 1322 semper
1214 1245 1423 1301 lumina
1448 1247 1597 1322 gigni
1627 1267 1638 1300 2

233 1343 399 1417 Quod
428 1364 600 1421 genus
624 1343 780 1400 Idaeis
809 1344 951 1400 faina
984 1357 1065 1400 est
1089 1365 1119 1400 e
1149 1345 1426 1400 montibus
1456 1343 1578 1400 altis

233 1445 522 1521 Dispersos
550 1445 702 1521 ignes
728 1445 924 1500 orienti
954 1443 1156 1500 lumine
1187 1446 1371 1517 cerni,

234 1542 371 1599 Inde
396 1543 543 1599 coire
575 1541 797 1620 globum
825 1545 979 1618 quasi
1012 1545 1070 1598 in
1099 1564 1269 1599 unum
1304 1555 1358 1599 et
1391 1543 1661 1599 conficere
1691 1544 1895 1599 orbem.

313 1643 427 1698 Nec
456 1654 638 1697 tamen
670 1640 806 1697 illud
837 1642 892 1696 in
925 1642 1010 1696 his
1041 1642 1203 1698 rebus
1232 1641 1479 1698 mirabile
1514 1643 1673 1698 debet

234 1744 391 1812 Esse,
419 1739 567 1816 quod
598 1740 712 1811 haec
741 1742 880 1817 ignis
910 1753 1021 1796 tam
1051 1754 1199 1797 certo
1231 1754 1476 1821 tempore
1501 1743 1711 1819 possint

231 1840 447 1895 Semina
476 1838 779 1911 confluere,
815 1852 868 1895 et
897 1839 1024 1896 solis
1051 1843 1606 1918 reparare-nitorem3

231 1937 408 1996 Multa
438 1938 684 1994 videmus
715 1940 890 2012 enim,
928 1953 1079 1996 certo
1110 1962 1230 2017 quae
1258 1954 1506 2016 tempore
1542 1942 1684 1997 fiunt

234 2038 506 2096 Omnibus
536 2038 594 2093 in
626 2037 786 2094 rebus
811 2059 824 2094 ε
854 2038 1151 2096 florescunt
1179 2053 1426 2118 tempore
1458 2052 1609 2096 certo

235 2138 497 2208 Arbusta‚
526 2149 580 2194 et
614 2151 764 2195 certo
796 2139 1083 2194 dimittunt
1111 2151 1357 2215 tempore
1381 2138 1572 2194 florem
1598 2161 1611 2193 ε

237 2239 352 2295 Nec
378 2239 558 2294 minus
594 2239 652 2293 in
682 2250 832 2293 certo
861 2237 1052 2292 dentes
1081 2237 1275 2292 cadere
1303 2238 1538 2314 imperat
1563 2249 1689 2293 aetas

237 2338 505 2413 Tempore
523 2380 538 2409 ‚
570 2350 623 2392 et
652 2337 933 2413 impubem
956 2334 1107 2391 molli
1140 2336 1438 2413 pubescere
1470 2348 1644 2406 veste,

235 2437 307 2491 Et
335 2437 538 2512 pariter
571 2435 791 2492 mollem
817 2434 974 2492 malis
1003 2434 1286 2490 demittere
1309 2435 1537 2490 barbam
1563 2457 1574 2490 :

237 2534 489 2592 Fulmina
515 2549 788 2614 postremo
807 2580 823 2606 ‚
856 2537 983 2608 nix,
1014 2536 1244 2606 imbreS‚
1279 2534 1465 2592 nubila
1484 2579 1500 2608 ,
1533 2538 1707 2608 venti,

237 2636 366 2692 Non
400 2637 560 2693 nimis
592 2637 809 2692 incertis
843 2635 982 2692 fiunt
1011 2637 1069 2691 in
1098 2635 1345 2713 partibus
1377 2636 1536 2705 anni;

244 2736 492 2812 Namque
519 2736 615 2792 ubi
647 2737 724 2792 sic
755 2735 979 2792 fuerunt
1008 2741 1296 2792 causarum
1326 2733 1550 2790 exordia
1582 2736 1786 2810 prima,

240 2835 418 2909 Atque
447 2836 526 2891 uti
553 2857 639 2893 res
666 2836 859 2893 mundi
891 2835 1136 2893 cecidere
1167 2836 1235 2891 ab
1265 2835 1476 2911 origine
1502 2836 1708 2910 prima,

242 2934 530 3009 Consequa
557 2949 754 2992 natura
783 2949 866 2993 est
888 2938 1001 3014 jam
1024 2956 1208 2992 rerum
1242 2956 1302 2990 ex
1335 2933 1526 2989 ordine
1557 2945 1723 2989 certo,

256 3106 259 3109 Δ
321 3035 573 3090 Crescere
600 3036 836 3113 itemque
864 3037 978 3092 dies
1007 3035 1134 3094 licet
1160 3048 1214 3092 et
1243 3035 1515 3090 tabescere
1544 3046 1758 3104 noctes,

245 3135 316 3188 Et
349 3133 522 3188 minui
554 3132 723 3204 luces,
751 3157 918 3212 quum
948 3149 1166 3193 sumant
1195 3135 1451 3212 augmina
1478 3146 1694 3207 noctes;

243 3234 354 3288 Aut
386 3234 509 3308 quia
539 3232 618 3288 sol
651 3233 792 3289 idem
825 3235 926 3292 sub
951 3248 1123 3292 terras
1155 3248 1318 3310 atque
1351 3254 1614 3310 superne,
