2300 3926
0 692 3 699 -
0 655 8 682 -,
0 621 6 643 ‚—
0 260 7 590 <-.*-.‹-,-—.o—-v--—

208 307 253 350 (v.
271 303 382 353 291.)
607 299 690 343 DE
723 295 943 341 RERUM
975 295 1224 340 NATURA
1258 295 1370 338 LIB.
1409 291 1495 339 ΠΙ,
1822 285 1882 344 89

205 407 298 459 Est
326 416 381 459 et
407 401 600 479 frigida
626 397 796 471 multa
823 417 999 452 comes
1026 397 1327 453 formidinis
1367 416 1496 451 aura
1514 437 1528 463 ,

204 503 339 574 Quae
367 501 469 556 ciet
496 500 774 554 horrorem
802 495 857 549 in
886 495 1178 566 membris‚.
1195 508 1248 550 et
1277 494 1514 550 concitat
1544 500 1690 545 artus
1720 506 1732 539 ε

197 602 298 659 ,Est
325 600 484 653 etiam
510 613 724 672 quoque
752 594 928 667 pacati
956 595 1290 649 statusaeris
1326 590 1442 658 ille,
1517 658 1520 662 ¹
1556 637 1578 640 ..
1662 634 1664 637 .

204 699 425 751 Pectore
452 689 740 767 tranquillo
767 691 861 765 qui
888 689 951 746 fit
977 690 1236 766 voltuque
1263 709 1458 747 sereno
1490 708 1502 742 z

206 793 311 850 Sed
337 791 494 848 calidi
521 788 642 866 plus
669 795 749 843 est
778 786 882 843 illis
912 789 1110 863 quibus
1139 789 1283 844 acria
1318 787 1515 857 corda,

206 888 574 963 Iracundaque
602 906 753 941 mens
783 884 939 940 facile
967 885 1274 941 effervescit
1305 885 1362 939 in
1392 885 1474 939 ira
1504 904 1516 937 ε

123 1024 131 1030 »
205 989 332 1061 Quo
359 1005 552 1063 genere
578 985 635 1039 in
663 983 854 1060 primis'
878 983 959 1040 vis
988 995 1068 1039 est
1094 982 1336 1039 violenta
1367 981 1586 1038 leonum
1605 1024 1620 1049 ,

202 1089 424 1142 Pectora
453 1085 547 1159 qui
575 1083 792 1138 fremitu
818 1094 1084 1158 rumpunt
1111 1081 1440 1159 plerumque
1470 1091 1743 1159 gementes
1760 1123 1775 1148 ‚

204 1184 321 1241 Nec
349 1202 540 1259 capere
566 1182 771 1236 irarum
799 1180 993 1236 fluctus
1023 1183 1080 1236 in
1108 1187 1346 1257 pectore⁴
1364 1191 1608 1257 possunt.

205 1283 278 1337 At
303 1293 527 1336 ventosa
554 1282 723 1356 magis
755 1300 1038 1335 cervorum
1071 1279 1268 1356 frigida
1296 1282 1451 1334 inens
1475 1290 1553 1334 est
1571 1321 1587 1351 ,

203 1381 274 1435 Et
301 1378 501 1455 gelidas
528 1379 687 1434 citius
715 1399 814 1454 per
841 1379 1057 1454 viscera·
1077 1379 1316 1434 concitat
1343 1398 1502 1434 aur-as
1519 1419 1534 1449 ‚

205 1479 342 1550 Quae
371 1475 662 1532 tremulum
691 1477 898 1532 faciunt
924 1476 1184 1533 membris
1214 1478 1470 1533 exsistere
1499 1487 1726 1531 motum.

204 1579 275 1632 At
302 1559 495 1630 natura
521 1575 689 1630 boum
718 1573 930 1651 placido
958 1578 1136 1658 magis
1161 1578 1284 1631 aere
1311 1577 1448 1630 vivit
1464 1617 1479 1646 ‚

204 1675 319 1731 Nec
348 1674 507 1729 nimis
535 1675 635 1728 irai
663 1673 752 1728 fax
778 1691 1022 1748 unquam
1053 1674 1268 1730 subdita
1296 1677 1471 1750 percit

204 1768 431 1828 Fumida
458 1759 782 1827 suffundens
803 1791 955 1827 caecae
986 1771 1233 1849 caliginis
1262 1774 1508 1844 umbra5‚

203 1873 320 1930 Nec
348 1870 511 1948 gelidi
540 1883 720 1951 torpet
747 1869 867 1926 telis
897 1871 1100 1947 perfixa
1129 1875 1347 1949 pavoris
1379 1895 1391 1929 :

203 1973 352 2026 Inter
378 1982 638 2046 utrosque
666 1971 768 2026 sita
798 1983 905 2041 est,
934 1992 1122 2028 cervos
1152 1990 1428 2050 saevosque
1459 1973 1657 2030 leones,

277 2069 364 2124 Sic
389 2069 675 2124 hominum
703 2090 874 2147 genus
903 2083 986 2126 est
1014 2093 1027 2126 z
1058 2074 1307 2148 quamvis
1338 2073 1588 2128 doctrina
1616 2071 1814 2148 politos

205 2168 514 2224 constituat
541 2170 745 2244 pariter
773 2170 1066 2244 quosdam,
1097 2183 1278 2226 tamen
1308 2171 1401 2226 illa
1428 2171 1688 2246 relinquit

208 2268 427 2323 Naturae
455 2268 718 2344 cujusque
746 2270 938 2323 animae
965 2270 1191 2346 vestigia
1220 2272 1397 2347 prima
1427 2292 1438 2325 τ
1508 2336 1511 2338 ,

211 2367 328 2423 Nec
358 2365 617 2422 radicitus
646 2366 800 2423 evelli
833 2367 975 2424 mala
1005 2390 1162 2444 posse
1191 2370 1497 2445 putandum
1528 2381 1633 2439 est3

204 2465 354 2537 Quin
383 2465 679 2541 proclivius
708 2467 799 2522 hic
828 2468 934 2522 iras
964 2466 1223 2522 decurrat
1251 2467 1320 2523 ad
1350 2488 1533 2540 acres,

205 2562 303 2618 Ille
330 2576 479 2619 metu
509 2566 668 2621 citius
699 2564 864 2642 paulo
893 2577 1165 2638 tentetur,‘
1191 2579 1248 2622 at
1277 2566 1367 2623 ille

206 2664 419 2719 Tertius
447 2665 680 2740 accipiat
706 2664 953 2741 quaedam
984 2664 1306 2722 clementius
1335 2688 1492 2743 aequo
1525 2689 1549 2740 :l

210 2764 380 2837 Inque
407 2762 524 2820 aliis
551 2765 712 2820 rebus
740 2764 926 2822 multis
955 2766 1176 2822 differre
1205 2787 1421 2823 necesse
1452 2779 1534 2822 est

211 2863 446 2919 Naturas
472 2863 758 2920 hominum
785 2868 963 2922 varias
980 2911 996 2938 ‚
1026 2887 1315 2943 moresque
1344 2887 1630 2943 sequaces;

211 2960 460 3032 Quorum
489 2980 587 3038 ego
615 2985 762 3020 nunc
792 2987 1006 3043 nequeo
1034 2988 1201 3023 caecas
1230 2987 1500 3043 exponere
1531 2952 1751 3037 causas;

212 3059 329 3114 Nec
357 3060 594 3135 reperire
618 3061 918 3139 figurarum
949 3077 1030 3121 tot
1058 3067 1282 3122 nomina
1299 3108 1314 3137 ,
1345 3077 1480 3141 quot
1509 3073 1637 3120 snut

212 3147 531 3234 Principiis,
562 3159 705 3215 unde
732 3161 846 3219 haec
876 3166 1053 3220 oritur
1081 3164 1347 3221 variantia
1376 3184 1577 3220 rerum.

214 3254 356 3310 Illud
387 3256 439 3311 in
470 3257 554 3313 his
583 3259 743 3315 rebus
772 3262 959 3318 videor
988 3264 1206 3321 firmare
1236 3276 1447 3340 potesse
1465 3308 1479 3336 ‚
