2320 3866
399 246 490 291 288
899 260 901 264 ·
1005 242 1487 289 ADNOTATIONES

461 340 544 384 Ad
563 339 797 398 scopulum
815 333 858 399 (1
872 333 994 398 157).
1009 354 1027 376 α
1043 336 1121 381 Ad
1143 337 1383 382 interitum
1403 354 1413 382 :
1437 337 1707 382 translatum
1723 352 1749 382 a
1771 338 1877 382 navi
1900 354 2003 399 quae
2029 341 2096 384 in=

396 412 574 476 fligitur
587 414 831 474 scopulo.»
852 413 1004 456 LAMB.
1019 411 1112 455 Alii
1139 414 1302 473 legunt
1316 414 1384 456 ad
1396 415 1637 473 capulum,
1654 412 1684 457 i.
1710 427 1749 457 e.
1775 413 1836 459 ad
1859 414 2094 461 feretrum.

461 488 523 553 (v.
564 506 582 534 1
596 485 720 552 158.)
749 487 916 546 Simili,
940 503 1038 535 non
1062 487 1214 532 dicam
1234 497 1531 549 argumento,
1566 487 1648 533 sed
1667 499 1913 535 scommate
1936 500 2097 536 contra

394 565 738 627 providentiam
759 572 940 625 pugnat
967 563 1199 623 Epicurus
1227 564 1295 607 ad
1314 565 1506 619 Herod„
1533 568 1556 621 S
1590 565 1652 622 76
1684 581 1694 609 z
1741 571 1825 614 Καὶ
1850 574 1924 630 μὴν
1951 574 1987 615 ἐν
2017 576 2099 623 τοῖς

397 648 625 708 μετεώροις,
651 647 768 705 φορὰν
792 646 862 690 καὶ
892 648 1055 704 τροπὴν,
1078 647 1148 690 καὶ
1173 647 1363 703 ἔκλειψιν,
1385 647 1453 691 καὶ
1477 649 1686 701 ἀνατολὴν,
1708 647 1777 691 καὶ
1800 645 1930 702 δύσιν,
1952 648 2021 691 καὶ
2043 650 2097 692 τὰ

395 727 592 780 σύστοιχα
613 725 786 776 τούτοις,
819 724 921 781 μήτε
944 723 1254 780 λειτουργοῦντός
1281 739 1383 771 τινος
1404 725 1571 780 νομίζειν
1598 721 1664 766 δεῖ
1685 726 1894 781 γίνεσθαι,
1917 724 1986 767 καὶ
2009 721 2098 768 διοι-

392 803 634 853 τάττοντος,
655 803 681 849 ἢ
714 796 1006 852 ὃιοιτοίξοιντος,
1030 799 1099 842 καὶ
1124 800 1213 857 ἅμα
1240 800 1310 845 τὴν
1340 802 1478 842 πᾶσαν
1505 785 1787 858 μακαριότητα.
1821 802 1977 857 ἔχοντος
2009 806 2097 858 μετ’

394 878 624 935 ἀφθαρσίας’
653 880 693 919 οῦ
722 876 797 934 ’γὰρ
828 881 1079 934 συμφωνοῦσι
1101 865 1401 933 πραγμᾴτεῖοιι,
1423 875 1493 918 καὶ
1514 873 1742 934 φροντίδες,
1766 877 1835 920 καὶ
1859 877 1971 935 ὀργαὶ
1986 911 1998 930 ,
2027 877 2097 921 καὶ

393 954 554 1011 χάριτες
578 954 867 1011 μακαριότητι,
898 953 982 994 ἀλλ’
1007 953 1190 1009 ἀσθενείᾳ
1207 985 1218 1005 ,
1233 951 1302 995 καὶ
1331 953 1454 1010 φόβῳ,
1477 953 1546 996 καὶ
1569 951 1812 1011 προσδεήσει
1834 961 1911 997 τῶν
1928 955 2094 1001 πλησίον

390 1033 524 1071 ταῦτα.
549 1030 716 1085 γίνεται.
927 1027 934 1033 ’

456 1099 513 1141 V.
544 1113 562 1140 1
577 1096 722 1142 158-1
736 1106 851 1153 172,
868 1095 951 1156 qui
967 1097 1112 1156 vulgo
1124 1096 1279 1142 versui
1309 1097 1429 1143 1088
1456 1097 1826 1159 subjunguntur,
1846 1101 1974 1145 nulla
1996 1100 2093 1145 fre·—

391 1184 466 1220 tus
503 1173 646 1219 codd..
679 1171 976 1229 auctoritate,
1000 1171 1062 1216 ad
1086 1172 1256 1216 calcem
1278 1172 1388 1216 libri
1424 1170 1488 1217 sic
1518 1173 1681 1232 rejecit
1705 1177 1981 1236 Lagrange‚
2020 1176 2096 1222 cui

392 1265 539 1311 quum
562 1248 749 1295 minime
773 1247 822 1292 in
848 1248 940 1293 hoc
961 1247 1205 1305 assentiar,
1235 1264 1339 1308 quae
1361 1249 1459 1309 ipse
1483 1249 1543 1294 ad
1564 1250 1651 1295 hos
1677 1266 1836 1296 versus
1858 1253 2095 1300 annotavit

391 1328 517 1389 lege,
533 1334 586 1371 ut
608 1325 774 1371 mutati
795 1324 974 1370 ordinis
995 1323 1224 1370 rationem
1246 1323 1373 1369 scias.

454 1403 592 1448 Endo
615 1399 677 1465 (v.
708 1399 863 1465 1164).
888 1404 924 1447 I.
951 1417 990 1446 e.
1017 1402 1077 1446 in.
1102 1401 1225 1446 Vide
1249 1402 1470 1460 1v‚1773‚
1497 1410 1543 1446 et
1563 1417 1638 1459 VI,
1662 1401 1771 1463 890.
1821 1450 1824 1451 ⁷

1010 1549 1077 1594 IN
1116 1518 1358 1594 LIBRUM
1396 1549 1478 1592 111.

464 1700 506 1744 Ο
531 1698 693 1744 Graioe
719 1697 869 1758 gentis
898 1699 1036 1742 decus
1060 1694 1122 1759 (v.
1150 1693 1220 1758 3).
1259 1695 1516 1755 Epicurum
1548 1696 1896 1757 Atheniensem,
1918 1698 2095 1760 Epicu—

388 1791 478 1821 reae
498 1773 805 1835 philosophiae
826 1772 1112 1833 principem,
1134 1772 1204 1817 his
1231 1772 1384 1817 verbis
1415 1771 1646 1835 designari
1669 1789 1807 1818 nemo
1838 1774 1996 1819 nescit.

453 1852 602 1896 Fortis
633 1850 743 1910 equi
767 1849 841 1895 vis
868 1846 930 1912 (v.
957 1846 1027 1912 8).
1052 1848 1163 1894 Vid.
1186 1849 1330 1907 infra,
1361 1866 1405 1894 v,
1433 1849 1549 1907 763,
1575 1865 1631 1905 V,
1657 1850 1742 1906 28,
1766 1859 1812 1894 et
1832 1851 1990 1909 plures
2019 1851 2095 1895 alii

385 1927 502 1986 loci,
524 1926 609 1972 ubi
629 1927 912 1971 vocabulum
935 1926 1008 1970 vis
1018 1959 1034 1980 ‚
1059 1941 1159 1970 non
1180 1926 1334 1972 minus
1363 1941 1504 1986 quam
1525 1938 1549 1979 ἡ
1583 1933 1648 1985 βίη
1666 1925 1793 1986 apud
1814 1927 2094 1984 Homerum,

385 2003 646 2065 periphrasi
675 2003 820 2048 modo
850 2003 1056 2048 inservit.

450 2084 669 2142 Apparet
683 2079 847 2124 Divdm
862 2095 1029 2127 numen
1043 2077 1105 2142 (v.
1124 2082 1216 2142 18).
1238 2099 1257 2119 «
1275 2078 1368 2127 Sed
1383 2094 1468 2123 cur
1489 2089 1693 2140 apparet
1703 2080 1869 2123 Divam
1883 2094 2051 2123 numen
2071 2082 2095 2123 θ

387 2156 571 2203 Scilicet
594 2171 698 2216 quae
721 2164 826 2200 ante
860 2154 1117 2214 Epicurum
1138 2157 1308 2217 vulgus
1335 2155 1726 2215 philosophorum
1754 2155 2001 2212 sentiebat,
2032 2154 2096 2199 ita

387 2234 446 2279 ab
472 2248 636 2278 eorum
658 2241 826 2277 natura
851 2231 999 2276 aliena
1028 2241 1185 2289 erant,
1208 2231 1324 2277 nihil
1346 2240 1399 2276 ut
1423 2231 1482 2277 de
1504 2231 1560 2276 iis
1584 2231 1697 2277 certi
1720 2231 1994 2289 haberetur,
2009 2239 2095 2276 etc.

385 2310 598 2354 Fortasse
632 2308 770 2353 etiam
795 2323 893 2352 non
915 2307 1068 2353 minus
1091 2317 1216 2353 recte
1239 2308 1412 2354 dlxeris
1437 2324 1448 2352 ι
1471 2310 1683 2369 Apparet
1704 2322 1876 2352 numen
1900 2307 2096 2351 deorum

388 2385 600 2445 quietum
624 2382 1011 2446 (sequituuenim
1046 2386 1267 2445 sedesque
1291 2383 1495 2448 quietoe),
1518 2385 1583 2430 ita
1622 2393 1676 2429 ut
1700 2385 1758 2429 ab
1793 2384 1848 2428 iis
1881 2383 1947 2429 nil
1984 2383 2095 2427 mali

387 2461 718 2519 metuendum,
742 2461 994 2521 quumjam
1015 2462 1208 2507 molesta
1223 2462 1302 2506 illa
1324 2461 1585 2522 odiosaque
1607 2459 1903 2521 providentia
1917 2467 2096 2503 remota

388 2538 458 2583 sit.
490 2539 598 2582 Haec
625 2537 789 2582 Faber.
814 2536 1026 2598 Frigidas
1057 2552 1171 2582 vero
1198 2537 1306 2582 istas
1343 2537 1690 2583 observationes
1717 2535 1894 2595 respuit
1918 2537 2059 2594 Poeta
2082 2569 2094 2591 ,

351 2658 355 2661 Δ
387 2623 591 2674 apparet
611 2613 781 2657 'Divdm
803 2629 1001 2668 numen,
1036 2612 1261 2673 quoniam
1281 2628 1366 2674 per
1401 2613 1577 2658 hiantia
1599 2611 1724 2676 (vide
1754 2626 1920 2671 supra,
1943 2628 1986 2656 v.
2018 2609 2094 2675 17)

388 2690 556 2735 mundi
579 2689 777 2746 moenia,
800 2689 851 2734 in
880 2689 1154 2734 immensum
1177 2689 1314 2733 inane
1343 2689 1634 2749 prospiciens
1669 2703 1767 2733 non
1799 2687 1951 2732 minus
1982 2686 2097 2734 deos

390 2782 531 2827 quam
560 2776 734 2812 ceteras
755 2782 830 2812 res
850 2766 982 2811 vidit.
1001 2785 1020 2807 ι)
1045 2766 1255 2810 Cmmcn.
1730 2768 1732 2770 ’
1949 2817 1953 2822 ¹

396 2888 399 2890 ,
456 2842 669 2902 Delibrat
704 2839 766 2906 (v.
803 2840 899 2906 24).
936 2841 1114 2900 «Quasi
1148 2841 1404 2891 decorticat
1442 2850 1487 2885 et
1517 2838 1787 2886 extenuat.»
1816 2843 1967 2885 [ΑΜΒ.
2003 2840 2095 2884 Alii

396 2919 585 2964 delibat.
1804 2934 1806 2936 ’

466 2995 573 3039 Tibi
587 2991 653 3058 (v.
681 2992 784 3058 28).
809 2995 944 3039 Istud
976 2995 1082 3052 tibi,
1105 3002 1158 3040 ut
1182 3000 1268 3052 σοὶ,
1299 2993 1498 3051 σέ,·ιίόἱ,
1528 3003 1592 3048 τε,
1618 2992 1788 3052 passim
1810 2992 1937 3052 apud
1960 2993 2094 3036 Grae-

394 3087 496 3128 cos,
518 3071 691 3131 passim
716 3071 845 3131 apud
867 3071 1058 3117 Latinos
1073 3106 1086 3130 ,
1111 3079 1304 3136 παρέλκων
1337 3079 1418 3115 est.
1444 3072 1653 3115 Gronov.
1679 3070 1739 3114 ad
1762 3071 1860 3113 Liv.
1884 3071 2018 3126 vn,§
2043 3067 2094 3122 8,

394 3146 595 3205 conjecit
617 3148 704 3203 ibi,
733 3157 787 3192 ut
813 3150 1084 3194 Graecorum
1112 3163 1241 3194 more
1266 3147 1441 3192 dictum
1474 3147 1550 3204 sit,
1589 3147 1671 3207 qui
1697 3155 1787 3206 ἔνθα
1812 3145 1986 3206 pariter
2005 3157 2092 3202 pro

395 3232 490 3265 cum
517 3232 757 3283 usurpant.
