2320 3866
397 289 487 335 308
1005 284 1487 332 ADNOTATIONES

394 384 565 428 dibitur
582 398 671 443 pro
695 381 909 427 reddetur
929 379 1134 442 legimus.
1161 380 1311 425 Potiti
1336 388 1491 425 autem
1516 393 1623 423 cum
1645 386 1813 439 quarto
1841 393 1947 424 casu
1976 393 2093 424 cou-
2142 385 2146 388 ’

394 468 620 505 structum
645 457 844 504 vidimus
863 457 958 517 jam
980 457 1041 502 ad
1061 473 1103 501 11
1120 490 1134 514 ,
1162 455 1278 514 653,
1301 465 1347 501 et
1368 472 1433 501 111
1449 490 1462 513 ,
1494 453 1629 501 1051.

460 536 729 582 Meminisse
741 534 874 593 jacet
896 531 913 597 (
928 533 1020 595 769
1030 531 1058 597 ).
1075 531 1363 579 Infinitivum
1380 532 1457 577 hic
1473 531 1747 578 substantivi
1758 546 1951 576 munere
1966 530 2098 593 fungi

399 621 445 658 et
468 612 702 658 sententiae
725 611 987 670 subjectum
1011 626 1107 655 esse
1131 625 1269 654 nemo
1292 625 1390 653 non
1413 608 1640 670 intelligit.

460 678 684 722 Dissentit
706 675 766 740 (v.
795 674 920 740 770).
947 695 966 716 «
985 676 1115 733 Quid
1136 676 1173 721 si
1195 675 1454 721 discernit?
1470 694 1489 714 »
1515 677 1718 721 Canen.

554 752 681 817 777.)
704 754 826 799 Huic
850 753 1004 798 versui
1028 753 1318 812 subjungunt.
1345 751 1470 796 codd
1494 768 1505 796 ε

569 881 694 917 Tanta
717 885 772 917 est
795 877 1011 925 mobilitas,
1036 884 1074 916 et
1095 889 1225 915 rerum
1242 875 1354 928 copia
1371 882 1499 924 tanta,

570 951 777 999 Tantaque
795 946 969 986 sensibili
989 945 1124 998 quovis
1147 952 1204 984 est
1226 952 1402 997 tempore
1425 945 1466 983 in
1487 958 1563 984 uno

570 1015 694 1067 Copia
713 1014 1014 1067 particularum,
1039 1021 1084 1052 ut
1106 1012 1224 1065 possit
1242 1013 1506 1065 suppeditare.

475 1133 653 1189 Quare,
688 1131 814 1189 quod
833 1131 1027 1189 quoique
1051 1129 1191 1172 libido
1216 1126 1277 1190 (v,
1314 1126 1438 1190 780).
1464 1128 1599 1173 Ordo
1621 1130 1875 1175 verborum
1903 1131 1978 1177 hic
2003 1141 2070 1178 est
2093 1149 2105 1177 :

399 1227 419 1248 «
442 1210 598 1265 Quare
621 1222 750 1251 mens
775 1206 946 1268 cogitet
963 1206 1013 1250 id
1035 1205 1188 1264 ipsum
1205 1239 1217 1262 ,
1241 1205 1520 1259 secundum,
1545 1206 1620 1265 vel
1642 1212 1751 1255 κατὰ
1776 1208 1907 1266 quod
1923 1244 1935 1265 ‚
1958 1210 2107 1256 libido

399 1283 569 1344 cuique
593 1283 787 1328 venerit.
805 1302 830 1324 ω
862 1284 1064 1329 WAKEF.
1088 1281 1341 1326 Lambinus
1363 1282 1487 1335 bene·
1509 1291 1749 1341 comparat
1771 1283 2006 1330 Ciceronis
2032 1288 2109 1331 lo·-

402 1375 508 1404 cum
533 1359 813 1405 simillimum
841 1359 893 1402 -in
918 1360 979 1404 N.
1008 1361 1093 1416 D.,
1120 1375 1167 1415 1,
1197 1358 1269 1404 15.

464 1432 526 1498 (v.
555 1432 683 1499 789.)
711 1435 780 1480 Cf.
807 1438 980 1492 Vnam,
1012 1436 1114 1479 Ecl.
1141 1451 1217 1492 VI,
1252 1433 1340 1492 28,
1370 1434 1416 1478 et
1438 1435 1650 1490 AEneid.,
1683 1450 1809 1494 vnI,
1841 1434 1947 1491 452.

465 1512 665 1556 Madent
685 1508 747 1575 (v.
777 1509 910 1574 793).
940 1510 1121 1557 Wakef.
1147 1510 1308 1555 laudat
1338 1509 1459 1569 Cic.‚
1490 1511 1549 1554 de
1569 1511 1698 1565 Fin„
1731 1527 1795 1556 111
1814 1547 1828 1569 ‚
1855 1527 1881 1557 2
1899 1548 1913 1571 ‚
1940 1514 2114 1559 artibus

401 1586 531 1646 infici
541 1602 560 1641 ;
582 1588 796 1646 Honxr„
827 1587 940 1646 Od.‚
965 1603 1056 1644 111,
1081 1602 1137 1631 21
1159 1622 1172 1644 ,
1196 1603 1252 1647 9,
1272 1588 1434 1631 madet
1459 1587 1740 1632 sermonibus
1748 1603 1767 1642 ;
1793 1591 2054 1648 Murrum„
2080 1606 2115 1648 1,

404 1669 465 1718 40
479 1697 493 1720 ,
519 1664 546 1709 3
560 1698 574 1721 ,
595 1665 815 1708 madidus
834 1664 1008 1709 artibus
1015 1679 1033 1718 3
1056 1665 1322 1721 Pnormuu,
1345 1679 1409 1722 1v,
1434 1669 1461 1718 4
1474 1697 1487 1720 ,
1512 1669 1596 1725 74,
1621 1665 1812 1710 madent
1819 1664 2010 1722 fercula
2025 1667 2114 1711 de-

403 1739 545 1794 liciis,
570 1748 657 1785 etc.

471 1812 533 1879 (v.
565 1813 694 1880 797.)
716 1817 1385 1878 Versus,·quom0documque
1406 1819 1587 1879 legatur
1617 1819 1691 1862 vel
1720 1812 2000 1878 explicetur,
2024 1819 2118 1863 du-

403 1891 631 1949 rissimus,
656 1909 796 1953 quem
810 1903 1062 1954 propterea
1087 1895 1250 1940 Lamb.
1261 1929 1274 1952 ,
1289 1895 1471 1952 Faber.,
1487 1894 1675 1939 Creech.
1689 1928 1702 1951 ,
1720 1893 1891 1955 aliique
1908 1894 2119 1954 spurium

406 1978 699 2014 censuerunt.
723 1970 903 2015 Wakef.
938 1986 1052 2016 vero
1069 2006 1081 2028 ‚
1107 1987 1252 2031 quum
1277 1972 1335 2015 ab
1363 1970 1578 2016 omnibus
1613 1971 1744 2016 libris
1767 1971 2090 2031 suppeditetur
2106 2007 2120 2030 ,

404 2044 469 2089 ita
498 2052 654 2089 tamen
675 2054 729 2089 ut
743 2048 1049 2091 consentimus
1071 2063 1162 2106 pro
1190 2064 1329 2108 quum
1351 2049 1570 2092 sentimus
1593 2048 1843 2093 exhibeant
1858 2084 1871 2107 ,
1897 2064 2004 2093 emn
2030 2049 2119 2094 de-

404 2119 579 2178 fendit,
603 2122 757 2165 locum
780 2121 844 2166 sic
866 2122 1196 2182 interpretatus
1221 2139 1231 2167 :
1251 2143 1271 2165 α
1297 2125 1372 2168 An
1397 2124 1460 2168 ob
1482 2125 1602 2168 hanc
1633 2139 1816 2173 causam
1845 2124 2000 2170 varios
2023 2141 2123 2170 mo-

405 2204 479 2240 tus
501 2195 851 2242 simulacrorum
868 2198 1059 2256 tuimur,
1076 2199 1185 2259 quia
1201 2208 1465 2260 temporum
1482 2199 1774 2245 diversorum
1794 2210 1950 2246 motus
1977 2216 2124 2247 unum

405 2280 588 2332 tempus
614 2274 969 2334 complectitur?
997 2276 1421 2334 Quemadmodum,
1439 2276 1623 2337 quoties
1645 2293 1742 2323 una
1762 2293 1858 2323 vox
1880 2278 2121 2336 emittitur,

408 2348 618 2407 quamvis
639 2366 736 2394 uno
761 2360 971 2410 tempore
998 2352 1181 2398 dicatur
1203 2353 1345 2410 mitti,
1377 2355 1514 2414 plura
1543 2362 1756 2415 tempora
1784 2354 2011 2416 gradatim
2035 2355 2123 2398 ab-

407 2426 668 2484 solvuntur,
710 2427 965 2488 unicuique
1009 2428 1181 2474 scilicet
1210 2429 1378 2475 'litterae
1416 2430 1647 2493 gradatim
1688 2430 1999 2490 exprimendae
2031 2430 2123 2474 im—

407 2515 565 2559 pensa.
592 2521 617 2543 >2

474 2579 537 2621 In
563 2578 697 2623 rebus
722 2580 903 2625 deditus
926 2578 987 2644 (v.
1019 2579 1157 2645 813).
1187 2580 1263 2626 Sic
1286 2597 1349 2626 111
1365 2617 1379 2639 ,
1403 2582 1497 2637 648
1524 2598 1536 2627 τ

386 2741 394 2796 ¹,
585 2705 634 2742 Et
656 2702 772 2744 simul
793 2702 836 2744 in
854 2717 993 2758 pugnae
1010 2690 1147 2745 studio'
1155 2704 1262 2758 quod
1278 2704 1411 2745 dedita
1430 2718 1540 2745 mens
1561 2712 1631 2746 est.

388 2811 392 2818 ¹
479 2816 540 2882 (v.
576 2818 705 2885 823.)
744 2822 909 2868 «Nihil
937 2823 988 2868 in
1011 2823 1316 2883 procreandis
1355 2823 1629 2868 animalibus
1657 2823 1966 2883 providentiae
2003 2825 2124 2870 ratio

412 2895 576 2941 molita
590 2907 659 2942 est
673 2917 686 2955 ;
715 2914 824 2944 nam
838 2915 993 2960 neque
1018 2900 1141 2945 oculi
1171 2901 1280 2945 facti
1302 2909 1409 2946 sunt
1437 2900 1496 2945 ad
1516 2900 1795 2958 videndum,
1813 2916 1967 2960 neque
1993 2915 2127 2946 aures

415 2973 476 3017 ad
511 2974 795 3020 audiendum
816 3010 829 3033 ,
864 2992 1018 3038 neque
1055 2977 1214 3038 lingua
1251 2978 1313 3022 ad
1343 2977 1663 3037 loquendum,
1697 2993 1853 3037 neque
1887 2977 2031 3036 pedes
2067 2977 2128 3022 ad

415 3051 777 3110 ambulandum,
809 3054 1030 3114 quoniam
1063 3054 1194 3114 prius
1232 3055 1328 3099 haec
1358 3063 1467 3100 nata
1497 3063 1603 3100 sunt
1641 3070 1782 3114 quam
1818 3062 1935 3099 esset
1963 3053 2126 3113 loqui,

414 3125 574 3171 videre
590 3162 603 3185 ,
644 3129 805 3174 audire
822 3164 835 3188 ,
873 3131 1140 3189 ambulare3
1175 3147 1272 3176 uno
1309 3132 1457 3176 verbo
1474 3168 1487 3190 ,
1530 3131 1693 3178 docuit.
1726 3131 1956 3190 Epicurus
1973 3164 1985 3187 ,
2027 3145 2127 3176 non

416 3204 622 3248 membra
647 3205 767 3251 facta
794 3221 852 3251 ex
885 3206 1192 3252 destinatione
1218 3207 1279 3253 ad
1301 3223 1462 3266 usum,
1480 3208 1561 3254 sed
1586 3207 1804 3254 membris
1828 3223 1935 3252 casu
1957 3206 2124 3268 genitis

419 3276 627 3326 oblatum
648 3297 783 3327 usum
811 3291 1049 3344 arreptum
1075 3284 1266 3330 fuisse.»
1293 3285 1506 3331 CREECH.
2016 3269 2018 3271 Ι
