2358 3952
262 494 636 567 NOTITIA
679 491 1234 563 LITTERARIA
1285 451 1912 562 LUCRETIANA.

951 703 1214 716 ψ

292 871 504 918 Codicib.
536 871 745 917 Lucretii
770 887 880 918 usos
911 887 1008 918 sese
1037 870 1325 932 profitentur
1352 870 1567 931 Baptista
1595 871 1709 914 Pius
1747 880 1952 931 quatuor

223 951 297 996 vel
322 948 563 1010 quinque,
592 949 846 994 Lambinus
866 949 1030 995 itidem
1053 949 1265 1010 quinque
1281 983 1294 1006 ,
1320 963 1441 1009 quos
1462 956 1617 993 tamen
1644 934 1794 1008 quum
1822 958 1953 994 uter-

225 1042 319 1087 que
332 1025 405 1071 vir
421 1025 591 1071 doctus
607 1041 666 1071 ex
679 1041 812 1072 more
828 1026 900 1072 sui
915 1025 1140 1087 temporis
1163 1025 1319 1071 obiter
1340 1032 1524 1070 tantum
1549 1033 1595 1070 et
1616 1017 1805 1071 minime
1821 1041 1955 1071 acen*-

222 1111 323 1148 rate
359 1102 592 1158 adducat,
626 1102 686 1148 de
716 1103 871 1162 pretio
901 1119 1067 1149 eorum
1096 1102 1267 1148 certius
1295 1101 1478 1163 aliquid
1501 1101 1641 1147 statui
1663 1118 1762 1147 non
1782 1111 1953 1162 potest.

289 1180 638 1239 Havercampus
660 1178 850 1225 duobus
873 1179 1082 1225 omnium
1106 1179 1295 1240 optimis
1318 1188 1365 1224 et
1388 1177 1716 1240 antiquissimis
1741 1195 1850 1224 usus
1866 1187 1955 1238 est,

224 1271 285 1301 ex
315 1256 483 1301 Isaaci
507 1257 551 1299 V
548 1257 667 1301 ossii
685 1256 864 1302 scriniis
894 1257 945 1302 in
976 1256 1311 1303 bibliothecam
1338 1257 1467 1301 acad.
1491 1255 1714 1318 Lugduni
1740 1258 1955 1302 Bavator.

224 1332 457 1378 translatis
472 1367 486 1390 ,
520 1332 852 1378 collationibus
876 1342 1034 1380 autem
1075 1334 1333 1379 Bodleiani
1367 1330 1384 1396 (
1394 1332 1570 1378 Oxonii
1600 1333 1638 1377 is
1677 1329 1956 1396 asservatur)

226 1409 486 1454 admodum
523 1409 724 1455 recentis
758 1417 805 1454 et
843 1410 1054 1455 omnium
1090 1411 1188 1455 fere
1223 1409 1590 1467 mendosissimi,
1627 1425 1770 1469 quem
1804 1418 1958 1454 tamen

229 1485 483 1547 archetypa
498 1485 715 1532 habuisse
730 1485 884 1531 minus
906 1487 1133 1532 mendosa
1157 1496 1327 1544 censet,
1351 1496 1397 1531 et
1415 1486 1767 1545 Gottorpiensis,
1792 1485 1959 1545 optimi

227 1572 275 1608 et
297 1564 627 1624 antiquissimi,
650 1564 735 1624 qui
757 1565 808 1609 in
828 1579 969 1610 versu
991 1563 1101 1610 libri
1124 1563 1321 1609 secundi
1351 1561 1444 1617 454
1469 1561 1688 1620 finiebat,
1717 1577 1846 1606 nunc
1870 1577 1960 1606 311-

226 1649 322 1684 tem
350 1638 435 1685 diu
455 1640 672 1700 perditus
702 1649 785 1686 est.

292 1717 528 1761 Francis-c.
547 1717 744 1762 Carolus
765 1718 905 1762 Alter
923 1718 967 1760 V
963 1717 1271 1762 indobonensi
1276 1750 1290 1770 ,
1321 1731 1465 1776 quem
1487 1715 1709 1760 Albertus
1736 1715 1961 1778 l’orhigcr

225 1808 286 1838 ex
314 1792 571 1854 archetypo
603 1792 711 1838 satis
741 1793 940 1855 antiquo
964 1793 1253 1852 descriptum
1278 1801 1428 1854 putat.

299 1870 373 1916 W
367 1869 623 1929 akqfieldus
635 1885 733 1915 11110
751 1870 1152 1932 Cantabrigiensi‚
1166 1878 1352 1915 vetusto
1369 1878 1416 1914 et
1439 1867 1626 1928 optimae
1648 1877 1793 1926 notae,
1810 1869 1963 1915 tribus

226 1946 391 1991 Musei
402 1947 684 2003 Britannici,
699 1964 906 2008 quorum
916 1949 1153 1994 secundus
1168 1947 1369 1993 maxime
1388 1955 1456 1992 est
1467 1955 1723 2006 propterea
1738 1962 1964 1992 memora-

226 2021 360 2081 hilis,
384 2023 519 2084 quod
530 2025 875 2087 orthographiae
905 2025 1174 2071 vetustioris
1196 2041 1293 2086 prae
1325 2023 1489 2070 ceteris
1521 2032 1590 2068 est
1618 2023 1963 2085 tenacissimus,

228 2106 274 2143 et
297 2099 464 2159 quinto
489 2101 699 2162 quodam
723 2103 942 2147 Eduardi
962 2104 1141 2159 Poorii,
1168 2119 1268 2148 non
1296 2101 1570 2163 spernendae
1595 2102 1897 2147 auctoritatis.

295 2176 572 2223 Editionum
585 2179 792 2224 Lucretii
802 2181 1021 2239 princeps
1035 2180 1117 2225 fol.
1142 2197 1177 2225 s.
1195 2182 1224 2224 l.
1243 2188 1289 2224 et
1302 2194 1342 2224 a.
1366 2177 1578 2241 (Brixiae,
1595 2178 1790 2222 fortasse
1814 2176 1963 2242 1473.)

226 2267 314 2312 per
327 2253 557 2300 'rhomam
573 2255 867 2300 Ferrandum
884 2253 928 2318 (e
955 2255 1062 2301 cod.
1085 2255 1326 2315 praestanti
1351 2251 1609 2316 expressa).
1633 2254 1858 2313 Sequitur
1883 2256 1929 2293 V
1921 2271 1965 2299 e-

229 2330 437 2373 ronensis
454 2326 704 2392 (impressit
716 2333 765 2375 P.
779 2330 1157 2394 Fridenberger),
1179 2348 1199 2375 1
1208 2332 1317 2387 486,
1332 2331 1413 2374 fol.
1424 2362 1438 2386 ,
1452 2330 1593 2390 longe
1605 2328 1813 2388 minoris,
1823 2346 1963 2390 quam

224 2406 470 2466 princeps,
489 2405 645 2466 pretii.
674 2407 853 2451 Veneta
875 2404 1117 2470 (impressa
1131 2422 1218 2467 per
1231 2406 1540 2452 Theodorum
1559 2405 1618 2450 de
1633 2397 1966 2467 Ragazonibus

229 2482 288 2527 de
304 2484 446 2540 asula,
463 2482 642 2528 dictum
655 2481 944 2547 Bresanum),
962 2500 981 2528 1
992 2482 1084 2544 495
1096 2518 1109 2541 ,
1124 2485 1202 2542 4⁰3
1219 2499 1246 2528 a
1261 2482 1525 2529 Veronensi
1537 2498 1636 2527 non
1647 2482 1739 2527 nisi
1748 2482 1872 2528 vitiis
1889 2493 1967 2545 ty-

227 2559 459 2621 pograph.
477 2559 713 2605 differens.
728 2560 907 2605 Aldina
915 2562 1081 2621 prima
1094 2557 1393 2623 (Hieronymi
1410 2560 1599 2605 Avantii
1617 2559 1808 2621 ingenio
1829 2569 1876 2607 et
1895 2562 1966 2606 la-

229 2633 383 2699 bore),
394 2638 578 2695 Venet.,
596 2634 733 2693 1500,
760 2638 828 2692 40.
846 2637 1070 2682 Avantius
1084 2636 1196 2682 scite
1220 2637 1458 2682 interdum
1471 2644 1661 2696 poetam
1677 2636 1965 2694 emendavit,

232 2710 525 2772 frequentius
539 2721 718 2770 tamen,
735 2721 790 2758 ut
811 2714 1039 2758 Italorum
1054 2720 1167 2758 tu'nc
1183 2714 1409 2774 temporis
1424 2699 1526 2758 mos
1540 2721 1654 2770 erat,
1672 2711 1967 2757 audacissimi

232 2786 603 2848 interpolatoris,
628 2805 772 2850 quam
795 2788 1120 2850 circumspecti
1142 2789 1290 2835 critici
1312 2798 1469 2850 partes
1498 2804 1633 2850 agere
1656 2788 1831 2834 maluit.
1857 2790 1967 2834 Haec

234 2867 309 2911 Jo.
335 2865 526 2925 Caspai-i
547 2866 713 2912 Orellii
734 2866 878 2912 verba
900 2877 1025 2926 sunt,
1049 2868 1099 2912 in
1120 2869 1281 2930 Eclog.
1309 2876 1560 2927 poetarum
1581 2865 1834 2911 latinorum
1857 2882 1967 2928 pag.

232 2958 311 3000 vr,
333 2941 503 3002 quaein
518 2942 788 2989 universum
807 2944 867 2989 de
884 2945 1011 2989 omni
1036 2944 1225 2990 Avantii
1251 2943 1408 2990 studio
1432 2942 1482 2987 in
1505 2940 1658 3002 poetis
1687 2941 1842 2987 latinis
1867 2944 1967 2988 col-

233 3020 391 3063 locato
403 3018 571 3063 valent.
596 3021 905 3066 Bononiensis
921 3022 1157 3082 Baptistae
1169 3022 1270 3076 Pii,
1292 3037 1310 3065 1
1322 3018 1347 3064 5
1358 3036 1375 3063 1
1390 3036 1407 3063 1
1424 3053 1436 3075 ,
1457 3020 1526 3075 4⁰,
1546 3018 1711 3062 iterata
1731 3017 1872 3063 Paris.
1892 3034 1966 3079 ap.

237 3093 506 3140 Ascensium
520 3129 533 3152 ,
564 3093 698 3151 1514.
723 3098 871 3143 «Pius
894 3099 1125 3145 rarissime
1148 3100 1208 3144 ab
1220 3097 1425 3144 Avantio
1440 3094 1799 3152 discessit,bona
1826 3105 1968 3156 atque

235 3172 395 3232 inepta
406 3171 581 3231 pariter
602 3173 905 3236 antesignano
920 3175 1226 3236 surripiens.»
1251 3172 1722 3220 0111111105..Ῑαηῐίηα
1751 3168 1810 3235 (c.
1836 3173 1965 3232 praef.

239 3249 373 3296 Pec'ri
386 3248 590 3295 Candidi
598 3256 643 3293 et
654 3264 750 3294 var.
763 3249 905 3309 lech),
920 3251 1184 3308 Florentiae,
1207 3268 1225 3295 1
1237 3249 1262 3295 5
1273 3267 1290 3295 1
1302 3265 1326 3294 τι
1338 3285 1349 3306 ,
1366 3250 1435 3295 80.
1451 3250 1648 3293 Prorsus
1657 3263 1828 3293 novam
1852 3265 1968 3294 con—

238 3324 724 3381 textus-recensionem
748 3325 995 3371 confinem
1019 3326 1255 3371 Candidus
1271 3326 1417 3383 enim,
1432 3325 1516 3386 qui
1529 3324 1628 3385 ipse
1651 3322 1905 3384 profitetur
1921 3342 1968 3370 se
