2320 3866
198 302 383 353 (mm.)
626 299 707 344 DE
742 262 1249 342 RERUMNATURA
1285 295 1395 339 ΜΒ.
1432 295 1488 338 v.
1523 364 1528 371 x

280 401 529 461 Necdum
558 421 642 457 res
667 400 781 476 igni
814 397 1027 454 scibant
1059 409 1316 467 tractare,
1345 417 1444 454 nec
1471 396 1551 451 uti

200 502 437 560 Pellibus
454 545 470 575 ,
498 513 554 557 et
580 497 764 578 spoliis
795 517 993 574 corpus
1022 499 1223 553 vestire
1248 498 1485 554 ferarum
1514 517 1525 550 ε

157 626 163 630 ·
196 602 306 659 Sed
340 621 563 674 nemora
595 610 762 673 atque-
787 617 951 653 cavos
975 610 1187 654 montes
1218 597 1499 674 sylvasque
1531 594 1808 668 colebant,

194 705 265 758 Et
289 701 510 757 frutices
538 699 679 753 inter
710 695 1020 752 condebant
1046 695 1294 772 squalida
1320 697 1593 766 membra,
1736 679 1739 681 ”

192 801 438 857 Verbera
462 807 751 853 ventorum
777 797 951 852 vitare
985 798 1294 872 imbresque
1326 797 1519 852 coacti.

190 900 308 957 Nec
340 899 627 955 commune
655 895 863 952 bonum
896 908 1151 972 poterant
1180 907 1450 972 spectare,
1481 915 1580 950 nec
1613 892 1737 950 ullis

189 997 439 1054 Moribus
470 997 612 1051 inter
636 1015 691 1051 se
720 995 963 1067 scibant,
999 1016 1100 1052 nec
1131 993 1339 1072 legibus
1370 995 1452 1052 uti
1490 1016 1502 1050 :

192 1095 356 1170 Quod
385 1096 583 1173 cuique
615 1093 888 1151 obtulerat
912 1078 1107 1173 praedae
1136 1096 1384 1169 fortuna,
1411 1095 1622 1152 ferebat

186 1198 391 1272 Sponte
422 1216 518 1251 sua
536 1237 551 1265 ,
579 1195 681 1251 sibi
710 1195 938 1271 quisque
963 1194 1144 1252 valere
1173 1207 1227 1251 et
1255 1196 1440 1252 vivere
1470 1195 1680 1251 doctus⁴

184 1297 257 1351 Et
281 1295 468 1351 Venus
501 1295 560 1350 in
584 1293 746 1372 sylvis
767 1295 1036 1372 jungebat
1062 1316 1293 1372 corpora
1319 1307 1627 1366 amantum;

186 1394 531 1453 Conciliabat
562 1396 708 1452 enim
741 1394 827 1451 vel
851 1407 1044 1451 mutua
1074 1416 1346 1472 quamque
1373 1394 1598 1474 cupido,

187 1493 292 1568 Vel
319 1493 561 1551 violenta
582 1495 687 1550 viri
721 1495 803 1551 vis
834 1507 997 1572 atque
1023 1497 1271 1572 impensa
1298 1494 1496 1566 libido,

184 1593 289 1652 Vel
318 1595 558 1672 pretium
588 1593 812 1672 glandes
837 1607 1001 1670 atque
1026 1594 1249 1668 arbuta,
1279 1592 1366 1649 vel
1394 1595 1511 1671 pira
1540 1593 1694 1650 lecta.

261 1697 336 1750 Et
360 1714 623 1750 manuum
651 1694 790 1749 mira
818 1693 942 1749 freti
970 1695 1171 1750 virtute
1200 1693 1538 1772 pedumque,

183 1793 654 1851 Consectabantur
682 1792 964 1870 sylvestria
995 1793 1152 1850 saecla
1184 1794 1423 1850 ferarum

183 1892 482 1950 Missilibus
510 1893 679 1964 saxis,
714 1882 768 1949 et
799 1914 1000 1971 magno
1032 1894 1276 1971 pondere
1305 1894 1501 1967 clavae,

178 1992 467 2070 Multaque
494 1993 814 2064 vincebant,
846 1994 1094 2050 vitabant
1121 2015 1297 2071 pauca
1325 1993 1576 2068 latebris3

180 2090 546 2171 Setigerisque
574 2114 730 2171 pares
761 2093 978 2167 suibuS‚
1012 2074 1295 2171 sylvestria
1326 2073 1571 2151 membra
1659 2076 1666 2085 ⁷

179 2193 345 2251 Nuda
375 2193 577 2250 dabant
608 2205 788 2264 terrae,
822 2206 1099 2266 nocturno
1127 2175 1373 2270 tempore
1397 2196 1543 2271 capti
1563 2237 1577 2266 ,

182 2293 405 2351 Circum
434 2313 492 2355 se
515 2291 658 2349 foliis
684 2313 747 2349 ac
777 2292 1063 2348 frondibus
1095 2292 1434 2349 involventes
1466 2283 1502 2348 :¹

181 2394 298 2450 Nec
323 2391 588 2471 plangore
615 2392 759 2448 diem
790 2413 1021 2470 magnO,
1056 2392 1334 2470 solemque
1360 2413 1459 2470 per
1487 2414 1647 2471 agros

181 2493 518 2566 Quaerebant
550 2493 764 2570 pavidi,
794 2492 1040 2571 palantes
1070 2495 1246 2549 noctis
1279 2495 1336 2550 in
1369 2494 1579 2550 umbris
1612 2517 1624 2549 :

3 2599 19 2677 f,
100 2627 104 2630 ·
184 2593 291 2650 Sed
326 2594 477 2650 taciti
503 2594 907 2671 respectabant,
940 2595 1244 2671 so'mnoque
1270 2593 1495 2671 sepulti,

184 2696 333 2750 Dum
358 2713 512 2750 rosea
541 2692 656 2750 sace
683 2692 762 2749 sol
794 2692 1019 2749 inferret
1047 2692 1255 2750 lumina
1284 2693 1420 2750 coelo
1453 2716 1464 2749 :

189 2795 236 2848 A
268 2793 448 2869 parvis
479 2792 628 2870 quod
652 2794 797 2849 enim
831 2806 1162 2850 consuerant
1189 2798 1415 2849 cernere
1446 2814 1658 2871 semper

188 2890 419 2948 Alterno
443 2893 691 2949 tenebras
725 2905 779 2949 et
804 2891 979 2950 lucem
1009 2906 1253 2972 tempore
1281 2893 1464 2970 gigni,

188 2992 319 3049 Non
347 3002 464 3046 erat
480 3033 495 3060 ‚
526 3003 588 3047 ut
614 2992 731 3049 fieri
757 3007 970 3070 posset,
1001 2995 1251 3051 mirarier
1276 3013 1541 3070 unquam,

186 3091 302 3147 Nec
333 3088 609 3164 diffidere,
639 3113 709 3148 ne
735 3105 905 3150 terras
939 3107 1141 3151 aeterna
1173 3105 1382 3150 teneret

190 3191 341 3261 Nox,
374 3191 430 3246 in
464 3203 788 3268 perpetuum
818 3194 1062 3252 detracto
1094 3194 1299 3252 lumine
1326 3192 1467 3250 solis,

273 3290 378 3348 Sed
411 3292 583 3370 magis
609 3289 743 3348 illud
772 3305 887 3350 erat
915 3315 1091 3369 curae,
1126 3293 1274 3372 quod
1297 3292 1450 3351 saecla
1484 3292 1720 3350 ferarum

1594 3392 1661 3451 13

1811 292 1898 353 193
