2320 3866
856 265 923 309 ΙΝ
955 264 1336 310 LUCRETIUM.
1860 246 1953 326 2‘69

314 368 434 414 ollis
457 363 520 428 (v.
545 361 678 427 673.)
707 363 744 406 1.
771 375 810 405 e.
833 359 1021 421 ignibus
1043 375 1087 403 v.
1114 358 1206 416 667
1236 358 1620 404 commemoratis.

308 441 373 507 (v.
411 436 669 502 685-690.)
699 435 892 497 Epicuri
926 435 1201 480 sententiam
1227 436 1423 495 exponit
1456 434 1714 496 :yquaedam
1739 434 1955 482 videlicet

243 518 522 579 corpuscula
542 516 669 560 nulla
690 513 868 569 forma,
893 527 1034 571 quam
1057 527 1216 557 sensus
1244 514 1488 572 percipere
1508 513 1714 569 valeant,
1737 511 1932 570 praedita
1942 537 1961 569 ,-

161 598 166 603 '
239 610 399 640 rerum
409 608 506 639 esse
518 588 772 652 principia,
787 596 834 632 et
858 603 917 633 ex
938 587 994 633 iis
1017 588 1199 633 diversa
1213 587 1398 633 ratione
1414 587 1695 633 coeuntibus
1709 594 1805 632 tam
1826 586 1957 649 ignes

242 685 383 731 quam
405 669 586 729 reliqua
619 663 773 712 omnia
790 664 924 710 oriri.

280 771 286 777 ·
306 745 503 804 Adjectu
526 742 590 807 (v.
614 737 746 804 690).
774 741 878 786 Hoc
906 741 1198 786 substantivo
1224 741 1407 785 vitruv.
1432 755 1511 799 11,
1530 757 1566 801 -9
1586 751 1700 786 'usus
1716 749 1797 786 est.
1811 740 1959 801 Apud

239 823 469 868 Nostrum
495 817 620 866 redit
648 832 722 874 1v,
752 815 863 874 676.

305 899 397 944 Hic
426 897 548 943 idem
570 891 634 958 (v.
658 893 754 954 693
766 889 800 956 ).
825 895 863 938 Ι.
897 908 938 938 e.
969 894 1245 939 Heraclitus.

307 977 612 1029 NamAcontm
634 987 798 1017 sensus
820 971 883 1015 ab
904 972 1111 1016 sensibus
1139 969 1204 1036 (v.
1224 969 1369 1035 694).
1396 991 1416 1013 «
1435 971 1515 1017 Sic
1535 972 1661 1017 hunc
1693 972 1852 1016 locum
1875 986 1961 1015 ex—

238 1049 511 1113 plicandum
531 1057 682 1110 put03
710 1063 948 1110 pugnare,
974 1063 1056 1093 seu
1080 1057 1201 1094 stare
1225 1049 1285 1094 ab
1310 1049 1470 1110 aliquo
1486 1084 1499 1106 ,
1535 1057 1604 1094 est
1629 1063 1842 1110 pugnare
1871 1063 1961 1107 pro

239 1127 420 1188 aliquO,
451 1133 609 1186 partes
645 1124 843 1184 alicujus
865 1125 1011 1183 tueri,
1039 1134 1125 1170 etc.
1156 1126 1422 1172 Heraclitus
1462 1135 1644 1183 autem,
1683 1124 1769 1186 qui
1804 1140 1963 1170 sensus

239 1218 338 1249 esse
361 1211 516 1248 certos
545 1201 756 1260 dicebat,
770 1202 1037 1262 planissime
1061 1211 1227 1248 contra
1241 1219 1401 1249 sensus
1425 1204 1618 1267 agebat,
1652 1217 1802 1263 quum
1830 1201 1964 1248 dice-

238 1289 311 1325 ret
348 1280 504 1326 omnia
547 1294 643 1324 esse
674 1279 844 1341 ignem.
882 1280 1003 1325 Nam
1047 1279 1086 1324 si
1123 1279 1175 1324 id
1215 1295 1382 1324 verum
1426 1280 1570 1337 foret,
1620 1295 1778 1325 sensus
1814 1278 1965 1324 nostri

239 1357 396 1420 ignem
434 1355 690 1414 sentirent,
731 1371 873 1417 quem
904 1365 1061 1403 tamen
1095 1356 1146 1402 in
1185 1373 1354 1417 pomo,
1387 1372 1644 1415 marmore,
1674 1356 1833 1418 ligno,
1875 1364 1962 1401 etc.

238 1449 339 1479 non
362 1434 582 1480 sentiunt.
601 1453 621 1475 ι»
643 1434 820 1479 FAmm.

309 1509 374 1575 (v.
409 1511 526 1569 703,
560 1507 693 1574 704.)
725 1510 822 1556 Cur
850 1509 1020 1571 aliquis
1042 1510 1225 1571 reliqua
1256 1510 1413 1556 omnia
1444 1526 1548 1570 quae
1579 1518 1807 1570 apparent
1827 1524 1968 1572 nega·-

239 1596 313 1633 ret
328 1603 424 1633 esse
447 1596 493 1633 et
509 1587 661 1632 solum
683 1586 840 1648 ignem
863 1586 1061 1632 existere
1076 1596 1298 1633 assereret
1313 1622 1326 1644 ‚
1349 1586 1510 1646 potius
1531 1601 1672 1646 quam
1695 1586 1853 1648 ignem
1865 1602 1967 1632 non

241 1680 360 1723 esse,
387 1664 545 1710 omnia
565 1679 680 1709 vero
713 1662 804 1717 alia
838 1678 935 1708 esse
958 1661 1191 1708 affirmare
1214 1661 1497 1709 sustineret?

308 1739 373 1806 (v.
401 1736 657 1803 708-711.)
679 1740 854 1786 Omnes
878 1739 1080 1785 delirant
1104 1740 1188 1800 qui
1210 1741 1286 1785 vel
1308 1741 1485 1801 ignem,
1509 1749 1564 1784 ut
1585 1740 1869 1799 Heraclitus,
1892 1742 1969 1786 vel

241 1834 358 1864 aera
373 1851 388 1874 ‚
418 1827 475 1863 ut
499 1816 816 1862 Anaximenes
846 1816 1080 1876 Milesius,
1119 1819 1194 1863 vel
1228 1818 1468 1864 humorem
1504 1814 1560 1881 (i.
1596 1833 1635 1863 e.
1663 1815 1877 1883 aquam),
1914 1828 1969 1864 ut

240 1895 408 1941 Thales
430 1893 661 1951 Milesius,
689 1894 765 1938 vel
779 1903 976 1951 terram,
1002 1903 1057 1940 ut
1075 1894 1365 1957 Pherecydes
1378 1929 1391 1951 ,
1412 1910 1574 1940 rerum
1597 1894 1809 1940 omnium
1831 1894 1971 1955 prin-
1994 1908 2005 1915 ³

242 1970 418 2032 cipium
439 1978 718 2016 statuerunt.
1487 1969 1489 1971 ’

307 2050 438 2093 Aera
449 2045 700 2108 jungentes
725 2047 827 2109 igni
859 2044 924 2111 (v.
963 2044 1100 2111 714).
1133 2049 1200 2094 Ut
1225 2048 1486 2109 AEnopides
1517 2047 1682 2106 Chius3
1713 2057 1970 2110 terramque

244 2125 438 2186 liquori,
464 2133 520 2169 ut
553 2125 887 2185 Xenophanes.
1038 2142 1042 2145 ·

310 2203 533 2248 Anima...
553 2213 602 2247 et
621 2203 762 2248 imbri
782 2200 847 2267 (v.
877 2201 1013 2267 716).
1038 2205 1074 2249 Ι.
1098 2219 1142 2249 e.
1179 2218 1285 2249 aere
1307 2212 1354 2249 et
1384 2217 1520 2263 aqua.

315 2276 379 2343 (v.
412 2276 543 2343 717.)
575 2277 841 2343 Εμπεὸοκλῆς
866 2288 1056 2337 Μέτωνος
1076 2280 1376 2345 Ᾰκραγαντῖνος
1403 2288 1585 2344 τέτταρα.
1617 2286 1688 2343 μὲν
1719 2287 1826 2343 λέγει
1853 2302 1973 2330 στοι-

245 2364 359 2420 χεῖα,
381 2367 472 2415 πῦρ,
495 2363 617 2420 ἀέρα,
640 2358 770 2420 ὕδωρ,
791 2367 878 2421 γῆν·
908 2359 981 2406 δύο
1013 2360 1054 2405 δ’
1081 2363 1248 2421 ἀρχικὰς
1282 2360 1494 2420 δυνάμεις,
1520 2362 1652 2419 φιλίαν
1674 2379 1721 2404 τε
1745 2361 1815 2405 καὶ
1834 2365 1972 2411 νεῖκος·

248 2436 299 2483 ὧν
319 2443 346 2488 ἡ
373 2441 443 2496 μέν
485 2441 592 2482 ἐστιν
617 2441 807 2492 ἑνωτικὴ,
833 2441 879 2482 τὸ
901 2436 950 2482 δὲ
974 2436 1231 2497 διαιρετικόν.
1250 2435 1527 2478 PLUTARCH·
1542 2467 1555 2490 ,
1581 2434 1642 2477 de
1664 2433 1797 2478 Plac-
1827 2433 1972 2488 Phil„

248 2525 294 2569 1,
319 2510 363 2555 3.

315 2587 483 2631 Insula
521 2602 660 2648 quem
693 2586 940 2647 Tn'quetn’s
971 2583 1046 2650 (v.
1086 2583 1223 2650 718).
1258 2587 1427 2633 Sicilia.
1466 2587 1690 2645 Similiter
1717 2586 1975 2646 Horatius,
2049 2579 2053 2584 ¹

255 2662 351 2707 Sat.
384 2677 446 2720 11,
470 2661 525 2721 6,
560 2660 619 2707 55
653 2679 666 2707 t

428 2819 648 2833 .......
670 2790 868 2832 Militibus
884 2790 1075 2846 promissa
1094 2792 1304 2849 Triquetra

424 2857 572 2900 Praedia
589 2861 737 2910 Caesar,
755 2874 807 2901 an
825 2868 883 2902 est
905 2860 999 2902 itala
1016 2861 1157 2902 tellure
1178 2861 1338 2902 daturus
1349 2863 1367 2899 Ρ

327 2975 459 3020 Virus
482 2972 640 3041 (720).
674 2979 850 3039 Saepius
876 2980 964 3026 hac
993 2995 1112 3027 voce
1144 2979 1392 3026 Lucretius
1413 2993 1506 3039 pro
1541 2977 1659 3024 salsa
1687 2977 1829 3025 maris
1854 2994 1977 3041 aqua

256 3052 416 3098 utitur.
441 3053 564 3099 Vide
593 3070 655 3112 11,
683 3056 804 3114 4763
830 3074 887 3115 v,
921 3068 1140 3116 2703v1,
1172 3056 1281 3103 636.

327 3130 496 3175 Carum
527 3128 590 3194 (v.
615 3129 744 3195 731).
768 3135 806 3179 Ι.
840 3150 879 3180 e.
909 3135 1028 3181 nihil
1052 3134 1221 3181 habuit
1252 3135 1349 3179 haec
1375 3133 1554 3191 insula,
1583 3132 1718 3193 quod
1743 3131 1891 3196 magis
1927 3131 1979 3179 in

257 3205 432 3252 deliciis
447 3206 604 3269 generi
622 3207 829 3255 humano
852 3211 924 3257 sit.

328 3282 550 3328 Carmina
585 3281 648 3348 (v.
684 3283 813 3349 732).
843 3289 981 3350 Diog.
1013 3291 1196 3347 Laert.,
1229 3303 1353 3344 vul,
1398 3285 1455 3345 57
1495 3303 1506 3331 τ
1545 3286 1811 3351 Ᾰριστοτὲλης
1846 3294 1882 3337 ἐν
1903 3287 1976 3351 ’τῷ
