2320 3866
880 288 960 336 ΙΝ,
981 286 1359 332 LUCRETIUM.
1884 299 1973 346 297

336 355 554 432 Menibris
581 382 772 430 seneccis
794 381 856 447 (v.
883 380 1016 454 773).
1042 382 1118 428 Sic
1141 399 1194 440 v,
1221 383 1313 437 884
1341 400 1350 427 :

367 533 375 544 .
440 500 505 542 sie
526 500 596 542 ubi
615 512 759 553 equum
778 496 916 537 validae
936 496 1037 538 vires
1057 505 1168 538 aetate
1189 505 1339 537 senecta

438 569 694 622 Membraque
715 565 915 609 deficiunt.

267 687 314 724 et
327 679 509 725 Sallust.
532 677 662 739 apud
680 675 896 722 Priscian.
913 711 926 734 ‚
942 692 1001 738 9:
1026 696 1046 718 «
1062 678 1235 724 Omnes
1251 675 1424 737 quibus
1446 685 1633 722 senecto
1658 691 1859 737 corpore
1882 676 1977 721 ani-

263 770 366 800 mus
386 753 594 800 militaris
615 761 726 797 erat.
743 772 763 793 »

331 828 394 895 (v.
421 827 548 893 794.)
562 822 742 875 Wakef.
761 843 819 873 ex
830 828 1025 874 Bentleii
1039 828 1309 887 conjectura
1324 829 1524 888 quamde
1548 843 1639 887 pro
1662 829 1845 889 vulgari
1871 839 1978 874 tan-

267 910 373 953 dem
392 904 597 966 recepit,
620 913 668 949 et
690 919 797 949 cum
819 893 1037 951 omnibus
1058 905 1189 950 libris
1210 921 1403 950 manere
1423 920 1516 964 pro
1546 914 1757 950 maneret
1780 906 1943 951 edidit.

329 985 490 1044 Neque
501 981 563 1026 ab
592 982 684 1026 ictu
693 981 917 1043 fimgztur
941 983 1088 1027 hilum
1103 979 1165 1046 (v.
1191 974 1319 1046 814).
1345 982 1514 1027 Sensus
1537 990 1642 1027 est·
1664 982 1779 1029 nihil
1801 983 1979 1043 patitur

261 1059 320 1105 ab
342 1059 464 1117 ictu,
486 1058 602 1104 ictui
622 1074 722 1104 non
748 1067 817 1104 est
839 1059 1115 1105 obnoxium.

321 1136 380 1180 V.
406 1135 501 1195 829
531 1150 593 1180 ne
623 1134 675 1179 in
695 1149 793 1180 uno
818 1135 1013 1198 quidem
1034 1136 1132 1181 MS.
1157 1135 1342 1197 legitur.
1366 1138 1431 1182 At
1464 1152 1613 1197 quum
1643 1137 1778 1200 locus
1814 1139 1978 1198 paral-

258 1210 374 1267 lelus
407 1210 577 1256 eodem
598 1211 696 1257 fere
717 1227 857 1257 versu
891 1210 1083 1258 finiatur
1105 1210 1122 1276 (
1132 1228 1186 1270 v,
1212 1214 1304 1270 374
1319 1210 1335 1275 )
1348 1248 1362 1270 ,
1382 1212 1477 1273 qui
1500 1228 1617 1264 cum⁴
1635 1212 1979 1273 perspicuitatis

257 1287 415 1334 studio
432 1321 446 1345 ,
468 1287 690 1344 Lucretio
711 1289 934 1351 proprio,
957 1289 1206 1336 commode
1227 1289 1377 1350 possit
1401 1289 1638 1345 conciliari
1650 1326 1664 1350 ,
1685 1305 1784 1335 non
1806 1299 1980 1336 temere

258 1363 514 1424 ejiciendus
535 1365 741 1412 videtur.

324 1439 388 1505 (V.
422 1441 552 1506 842.)
585 1452 764 1500 Συνέθιζε
798 1446 849 1493 δὲ
889 1451 927 1494 ἐν
957 1456 1016 1509 τῷ
1060 1452 1231 1509 νομίζειν
1268 1448 1396 1508 μηδὲν
1427 1452 1522 1509 πρὸς
1551 1453 1658 1508 ἡμᾶς
1687 1445 1786 1494 εἶναι
1815 1453 1883 1494 τὸν
1915 1452 1981 1494 θοὶ-

258 1530 392 1568 νατον“
410 1525 497 1568 ἐπεὶ
513 1529 595 1569 πᾶν
618 1527 766 1584 ἀγαθὸν
790 1526 860 1569 καὶ
883 1529 1005 1570 κακὸν
1032 1529 1069 1570 ἐν
1094 1528 1289 1574 aiere-tices
1315 1529 1499 1585 στέρησις
1528 1523 1579 1569 δέ
1605 1529 1712 1569 ἐστιν
1740 1527 1980 1580 αἰσθήσεως,

259 1603 278 1643 ὁ
306 1600 485 1651 Θυίης-οξ
510 1603 593 1646 ὅθεν
615 1609 759 1661 γνῶσις
792 1604 881 1661 ὀρθὴ
903 1609 974 1646 τοῦ
1006 1604 1126 1662 μηθὲν
1152 1598 1366 1660 εἶναιπρὸς
1386 1606 1494 1661 ἡμᾶς
1511 1603 1577 1645 τὸν
1604 1604 1790 1646 θάνατον.
1822 1597 1981 1654 Eme„

258 1672 414 1732 Epist.
445 1673 516 1718 ad
542 1673 832 1719 Menaeceum
856 1670 1022 1736 (Diog.
1055 1674 1238 1731 Laert.,'
1261 1670 1343 1736 x),
1371 1677 1395 1730 5
1424 1679 1529 1728 124.

320 1749 441 1810 Apa·
467 1745 531 1812 (v.
570 1746 700 1813 851).
738 1748 1188 1809 «Comprehendere
1219 1749 1412 1795 vinculo
1442 1748 1626 1810 antiqui
1659 1763 1805 1810 apere
1847 1748 1980 1794 dice-

255 1824 400 1883 bant,
421 1825 550 1877 unde
571 1835 709 1887 aptus
730 1825 770 1871 is
792 1825 877 1887 qui
899 1826 1232 1872 convenienter
1253 1826 1391 1872 alicui
1410 1827 1600 1887 junctus
1624 1835 1704 1871 est.
1730 1846 1750 1867 »
1785 1824 1981 1872 FEswus.

327 1901 498 1947 Uniter.
535 1903 640 1948 Hoc
668 1902 945 1956 adverbium
981 1903 1116 1964 quod
1151 1904 1396 1954 Lucretius
1433 1902 1660 1963 imprimis
1695 1901 1804 1947 voci
1840 1911 1982 1962 aptus

257 1976 544 2041 conjungere
567 1987 689 2024 amat
712 1976 791 2043 (cf.
819 1996 908 2038 111,
933 1979 1051 2038 8583
1073 1996 1120 2039 v,
1147 1980 1264 2040 538,
1279 1980 1382 2028 -556
1394 1976 1558 2044 559),
1574 1978 1705 2040 apud
1727 1977 1842 2024 alios
1859 1976 1977 2023 scri-

255 2062 417 2115 ptores
437 2071 537 2101 non
562 2071 809 2102 occurrere
830 2015 1034 2103 videtur.

324 2132 383 2176 V.
409 2131 503 2178 866
532 2132 664 2178 haud
685 2131 831 2178 dubie
853 2133 1041 2193 spurius
1066 2140 1157 2192 est,
1191 2148 1342 2194 quum
1366 2133 1416 2177 in
1436 2133 1655 2198 omnibus
1678 2105 1818 2178 codd.
1855 2147 1979 2176 cun-

258 2205 438 2268 ctisque
459 2206 557 2252 fere
593 2207 725 2253 editt.
748 2216 862 2253 vett.
887 2205 1200 2268 desideretur,
1225 2218 1272 2255 et
1302 2218 1474 2270 praeter
1496 2207 1641 2254 totius
1673 2207 1767 2253 loci
1790 2202 1985 2253 sensum'

259 2290 307 2328 et
338 2297 606 2328 connexum
627 2283 933 2344 interpositus
956 2284 1028 2330 sit.

324 2360 509 2405 Eximit
526 2361 591 2404 im
613 2357 632 2423 (
640 2368 840 2425 ἀρχαϊκῶς
862 2377 956 2422 pro
979 2359 1101 2425 eum)
1124 2359 1186 2425 (v.
1212 2360 1342 2425 876).
1366 2364 1506 2409 Hunc
1527 2364 1687 2408 locum
1707 2361 1773 2407 sic
1797 2360 1975 2406 consti-

260 2434 353 2482 tuit
373 2435 692 2483 Wakefieldus
716 2454 727 2482 :

435 2552 484 2593 Id
501 2553 689 2608 quoniam
708 2567 812 2595 mors
833 2554 969 2596 eximit
987 2585 999 2604 ‚
1024 2567 1186 2609 esseque
1209 2553 1398 2609 prohibet
1411 2555 1429 2572 '¹

434 2622 590 2672 Ollum,
609 2623 704 2678 quoi
722 2622 872 2678 possint
888 2623 1137 2666 incommoda
1160 2624 1363 2665 conciliari

435 2693 528 2733 Hoec
549 2692 708 2743 eadem,
728 2693 871 2747 quibus
894 2707 916 2734 e
935 2708 1042 2735 nunc
1060 2708 1131 2735 nos
1151 2700 1307 2743 sumus,
1327 2701 1419 2735 ante
1441 2692 1570 2734 fuisse.

328 2803 539 2863 Intetfiat
550 2801 612 2868 (v.
639 2802 768 2869 885).
781 2806 818 2850 Ι.
843 2820 881 2851 e.
908 2804 1180 2864 intercidat,
1202 2813 1386 2867 pereat,
1410 2803 1661 2862 auferatur.
1691 2802 1761 2848 Cf.
1778 2805 1972 2861 Pmu‘r„

270 2881 433 2934 Truc„
461 2895 530 2938 11,
556 2886 611 2939 4,
640 2882 744 2928 131.

327 2957 434 3001 Non
457 2957 546 3001 dat
568 2959 696 3018 quod
719 2959 953 3018 promittit
965 2975 984 3014 ,·
1021 2968 1068 3004 et
1094 2959 1204 3004 inde
1239 2954 1300 3021 (v.
1328 2955 1455 3022 889).
1481 2959 1680 3003 Versum
1714 2958 1841 3002 hunc
1862 2973 1977 3002 mu-

258 3041 356 3087 tata
377 3032 743 3096 interpungendi
763 3035 945 3082 ratione
967 3037 1032 3082 sic
1056 3036 1288 3082 constitue
1313 3052 1324 3080 ε

434 3164 546 3211 Non,
569 3170 613 3204 ut
634 3163 788 3217 opinor,
807 3164 914 3206 enim
936 3166 1022 3215 dat,
1046 3167 1156 3220 quod
1179 3164 1374 3221 promittit
1396 3172 1435 3207 et
1455 3164 1576 3205 unde.

319 3307 337 3324 ¹
353 3306 515 3348 Duabus
533 3306 690 3362 syllabis
704 3308 1051 3363 pronuntiandum.
