2320 3866
910 275 977 319 IN
1010 263 1392 322 LUCRETIUM.
1914 275 2009 338 295

289 374 373 420 bat
399 381 446 419 et
481 372 784 434 linquebatur
819 368 1014 414 animus
1049 368 1123 413 Cf.
1150 371 1351 428 Pruna,
1395 371 1498 416 Mil.
1533 373 1678 432 glor„
1713 386 1762 414 ιν
1783 404 1796 426 ,
1830 372 1887 427 8,
1918 387 1975 418 21
1997 407 2009 429 ,

291 458 340 496 et
361 449 572 510 ejusdem
590 448 765 509 Amph.
781 477 798 501 ‚
829 461 876 503 v,
911 460 931 488 1
947 477 960 502 ,
988 444 1033 490 6.

362 527 493 572 Vires
518 523 582 589 (v.
614 521 748 587 598).
772 519 953 567 Wakef.
985 535 1094 566 cum
1123 521 1342 567 omnibus
1371 522 1502 568 libris
1533 539 1544 567 :
1569 523 1696 569 vitoe.

360 601 677 660 Conlabefiunt
690 596 754 662 (v.
771 594 901 660 600).
917 597 1131 644 Verbum
1159 598 1466 658 collabefieri‚
1487 607 1657 659 praeter
1677 598 1806 644 hunc
1833 598 2009 655 locum,

288 677 478 723 nonnisi
503 676 632 738 apud
661 676 770 721 Caes.
788 707 802 732 ‚
832 673 893 718 de
923 675 981 718 B.
1012 675 1067 720 G.
1085 708 1101 730 ‚
1131 690 1200 733 11,
1226 675 1282 733 6,
1307 674 1508 719 inveniri
1540 675 1744 721 videtur.

356 755 548 801 Prodita
576 750 638 816 (v.
666 747 796 814 602).
831 752 934 796 «Ex
957 751 1182 799 interiore
1209 753 1318 797 loco
1347 751 1624 811 procedens.
1641 772 1661 793 »
1682 753 1877 798 Fzs'rus.

356 830 606 876 Succedere
634 825 696 891 (v.
723 824 859 891 608).
886 828 1069 873 Wakef.
1084 862 1097 886 ,
1123 827 1208 888 qui
1228 828 1471 872 succedere
1493 826 1696 887 explicat
1720 843 1807 888 per
1828 826 1986 873 subire
2003 863 2014 884 ‚

288 906 495 970 ingredi,
518 919 707 967 surgere
737 903 799 950 ad
821 903 1029 964 aliquid,
1058 912 1300 964 comparat
1325 902 1456 965 Virg.
1475 937 1488 961 ,
1523 905 1707 948 AEneid.
1725 937 1741 959 ,
1768 920 1875 962 xu,
1901 905 2011 957 234.

229 982 232 986 ’
353 981 417 1048 (v.
432 978 561 1046 615.)
579 1001 599 1022 α
616 981 742 1031 Olim
758 980 922 1026 docuit
935 989 1102 1042 pectus
1118 996 1214 1026 esse
1239 979 1381 1025 animi
1395 979 1573 1036 sedem,
1590 987 1637 1025 et
1655 979 1753 1039 jam
1775 979 1886 1026 inde
1903 996 2015 1025 con—

287 1050 437 1105 cludit¹
463 1057 596 1103 illum
620 1057 686 1103 ita
714 1057 899 1118 pectori
921 1073 1019 1104 esse
1045 1056 1311 1120 alligatum,
1334 1065 1389 1102 ut
1413 1065 1544 1102 extra
1565 1056 1694 1102 istud
1717 1057 1887 1120 degere
1914 1073 2012 1102 non

283 1134 448 1197 possit.
470 1135 694 1181 Animum
715 1134 767 1179 in
797 1149 902 1180 aere
927 1134 1204 1181 existentem
1230 1149 1437 1196 quaeras,
1456 1142 1502 1179 et
1525 1131 1760 1179 flammam
1781 1135 1832 1179 in
1860 1150 1984 1196 aqua
2000 1170 2012 1192 ,

284 1212 394 1275 gelu
421 1211 473 1258 in
500 1211 690 1275 ignibus
715 1219 1007 1272 exspectes.»
1030 1212 1243 1257 Canen.

349 1291 409 1335 V.
442 1289 538 1335 620
558 1287 799 1347 Lambin.,
822 1288 1048 1334 Gassend.
1077 1297 1124 1334 et
1149 1289 1302 1334 Faber
1326 1286 1599 1333 addititium
1626 1295 1840 1346 censent,
1874 1303 2016 1348 quem

283 1365 467 1411 Wakef.
513 1374 639 1411 recte
674 1365 914 1424 defendit,
951 1365 1097 1411 verba
1126 1382 1224 1427 pro
1259 1366 1366 1410 totis
1409 1365 1599 1410 artubus
1638 1364 1702 1409 sic
1736 1363 1972 1424 explicans
2006 1382 2014 1409 :

285 1463 304 1482 «
327 1441 407 1487 Ad
439 1441 672 1506 integram
703 1451 989 1489 structuram
1025 1445 1086 1488 et*
1109 1451 1259 1489 totam
1289 1451 1476 1503 artuum
1505 1440 1902 1503 magnitudinem,
1952 1441 2019 1487 ita

225 1507 228 1510 ⁴
284 1527 340 1564 ut
371 1519 513 1565 series
538 1519 847 1580 partium,—
864 1519 914 1564 in
929 1520 1124 1583 singulis
1137 1519 1802 1579 membris,—-undequaque
1827 1518 2019 1564 conser-

284 1604 437 1642 vetur.
461 1616 482 1638 »

354 1673 549 1719 Petissit
584 1670 648 1737 (v.
677 1670 815 1736 648).
853 1671 1036 1718 Wakef.
1067 1687 1174 1717 cum
1211 1670 1400 1732 optimis
1434 1671 1574 1717 codd.
1613 1680 1659 1717 et
1683 1671 1823 1717 Festo
1857 1670 2018 1717 scribit

226 1783 236 1792 .
277 1751 493 1811 petessit.

351 1824 411 1891 (v.
434 1825 564 1893 593.)
580 1830 740 1888 Quum
754 1843 839 1890 pes
849 1827 1166 1873 moribundus
1178 1827 1313 1889 juxta
1323 1827 1456 1873 humi
1468 1827 1628 1887 jacens
1642 1826 1816 1889 digitos
1837 1835 2014 1873 movet.

352 1905 551 1951 Amcisa
563 1902 628 1970 (v.
643 1904 774 1970 660).
801 1925 820 1946 «
837 1906 930 1950 Am
945 1919 1003 1950 ex
1027 1912 1131 1970 ἀμφί
1155 1904 1268 1950 olim
1289 1920 1379 1967 pro
1403 1906 1571 1949 circum
1595 1904 1830 1950 dicebant.
1854 1905 2018 1950 Exem-

285 1981 366 2042 pla
386 1980 634 2028 innumera
655 1981 707 2027 in
727 1982 927 2028 vocibus
950 1981 1237 2042 compositis.
1260 2002 1279 2023 »
1302 1982 1482 2028 FABER.
1669 1980 1672 1982 ’

354 2053 418 2121 (v.
443 2056 577 2123 662.)
600 2078 622 2100 «
640 2060 701 2105 Et
722 2059 873 2120 ipsam
895 2067 1160 2119 serpentem
1181 2060 1447 2105 vehementi
1471 2060 1639 2106 dolore
1662 2058 1868 2105 vulneris
1892 2056 2018 2103 affli-

289 2136 435 2194 ctam,
457 2144 602 2197 caput
623 2151 762 2181 suum
781 2144 910 2182 retro
933 2144 1184 2196 torquere,
1213 2145 1268 2181 ut
1300 2137 1523 2182 dentibus
1546 2135 1871 2197 apprehendat
1901 2150 2016 2195 par-

287 2218 384 2257 tem
406 2211 521 2258 olim
541 2212 729 2274 reliquo
754 2211 946 2272 corpori
967 2212 1076 2271 conj
1085 2221 1285 2258 unctam.
1308 2233 1327 2254 »
1353 2215 1568 2260 Cnmzcn.

356 2285 421 2353 (v.
445 2286 579 2351 675.)
613 2289 881 2334 Retinencia
906 2287 960 2352 (i.
987 2304 1026 2334 e.
1058 2289 1351 2349 recordatio,
1374 2291 1600 2337 memoria
1621 2306 1782 2336 rerum
1803 2289 2020 2350 praeteri—-

287 2374 466 2424 tarum,
489 2381 634 2426 quam
665 2365 788 2411 infra
809 2382 854 2411 v.
882 2366 1002 2426 863,
1031 2369 1343 2429 repetentiam
1373 2367 1509 2432 dicit)
1542 2356 1655 2425 ἅτι-ἀξ
1685 2375 1896 2431 λεγόμενον
1926 2377 2020 2425 est,

287 2441 418 2503 apud
440 2441 556 2488 alios
578 2442 832 2503 scriptores
853 2459 952 2488 11011
976 2459 1242 2490 occurrens.
1265 2502 1268 2505 y

353 2538 375 2561 α
399 2521 458 2567 V.
483 2518 579 2567 685
602 2521 790 2580 Lamb.,
806 2521 1030 2567 Gassend.
1057 2530 1103 2567 et
1126 2519 1346 2585 Creech.(
1363 2522 1447 2582 qui
1470 2531 1737 2572 tamennon
1761 2520 1894 2566 elaris
1914 2536 2019 2566 eum

286 2596 444 2645 verbis
466 2596 682 2662 damnat)
704 2597 919 2659 spurium
941 2607 1156 2656 censent,
1190 2597 1349 2644 nescio
1375 2614 1469 2659 qua
1495 2599 1554 2644 de
1589 2613 1742 2644 causa.
1771 2618 1791 2639 »
1814 2599 2017 2643 Fonmo.

353 2670 416 2738 (v.
440 2673 572 2739 692.)
597 2677 669 2721 De
701 2674 1051 2722 constructione
1092 2675 1227 2722 verbi
1257 2677 1552 2736 participare
1586 2691 1693 2720 cum
1740 2684 1874 2720 sexto
1910 2690 2019 2720 casu

287 2749 347 2795 cf.
382 2751 566 2796 Rudim.
607 2755 723 2798 last.
766 2754 872 2807 Gru,
919 2769 991 2812 11,
1022 2769 1070 2813 p.
1099 2769 1209 2812 217,
1242 2763 1341 2798 not.
1387 2769 1471 2812 21,
1502 2753 1586 2814 qui
1620 2753 1783 2798 laudat
1826 2753 1983 2797 Plaut.
2007 2787 2018 2809 ‚

294 2827 395 2871 Mil.
425 2829 577 2889 glor„
619 2845 666 2887 1,
696 2846 743 2888 1,
773 2830 855 2888 51,
880 2839 925 2875 et
955 2832 1126 2890 Apul,
1161 2832 1303 2884 Met„
1330 2847 1408 2887 1x·‚
1431 2847 1478 2890 p.
1506 2831 1614 2875 301.

355 2905 415 2949 V.
441 2904 535 2965 694
559 2905 623 2951 sic
646 2906 806 2952 scribit
837 2907 1159 2954 Wakefieldus
1194 2923 1300 2952 cum
1325 2906 1544 2952 omnibus
1569 2908 1664 2952 fere
1690 2905 1936 2952 codicibus
1963 2922 1971 2949 :

465 3022 513 3060 Et
536 3020 635 3074 lapis
655 3035 859 3076 oppressus
879 3024 1019 3065 subitis
1042 3038 1064 3064 e
1088 3023 1263 3077 frugibus
1288 3036 1413 3077 asper.

292 3128 508 3175 Editores
537 3145 636 3174 non
668 3130 1000 3194 intelligentes,
1033 3134 1195 3178 subitis
1228 3133 1303 3177 hic
1323 3131 1649 3193 participium,
1685 3146 1870 3176 sensum
1901 3145 2015 3174 vero

292 3221 390 3252 esse
414 3221 426 3251 τ
450 3205 699 3269 «frugibus
721 3208 944 3267 lapidosis
967 3209 1131 3256 dentes
1147 3209 1481 3268 subeuntibus,
1495 3229 1514 3251 »
1530 3209 1656 3253 hunc
1672 3222 1858 3253 versum
1877 3206 2016 3251 variis

293 3282 576 3343 conjecturis
608 3286 926 3332 sollicitarunt.
