2300 3926
456 325 543 369 ωδ
1019 327 1070 369 Τ.
1109 325 1399 369 LUCRETII
1431 324 1572 369 CAm
1961 326 2010 375 (v.
2030 328 2141 377 801.)

528 428 748 503 Quippe
774 428 971 481 etenim
999 426 1225 483 mortale
1254 440 1455 483 aeterno
1478 429 1733 503 jungere,
1763 438 1812 480 et
1843 446 1948 481 una

447 528 766 585 Consentire
793 539 984 602 putare
1000 569 1015 596 ‚
1042 539 1097 582 et
1123 526 1276 603 fungi
1302 538 1491 582 mutua
1517 546 1702 603 posse,

443 628 704 703 Desipere
733 639 829 681 est.
859 625 1011 697 Quid
1045 627 1186 681 enim
1221 625 1484 682 diversius
1517 645 1628 680 esse
1654 623 1959 701 putandum
1991 638 2099 697 est,

442 729 554 781 Aut
583 727 751 802 magis
783 727 923 781 inter
948 746 1006 788 sev
1032 724 1364 800 disjunctum
1394 711 1885 799 discrepitansque‚

440 825 619 895 Quam
648 823 876 879 mortale
903 823 1051 899 quod
1084 834 1164 879 est
1181 865 1196 894 ‚
1228 821 1522 878 immortali
1548 835 1710 899 atque
1735 822 1962 899 perenni

437 925 469 977 J
473 935 695 978 unctum
712 964 727 995 ,
761 924 817 977 in
843 920 1072 980 concilio
1098 943 1261 978 saevas
1291 921 1519 978 tolerare
1543 921 1843 999 procellas?

516 1024 781 1076 Praeterea
800 1064 815 1094 ,
850 1042 1185 1098 quaecunque
1212 1034 1437 1078 manent
1464 1033 1695 1093 aeterna‚
1729 1041 1946 1076 necesse
1980 1031 2087 1091 est,

435 1123 546 1175 Aut
563 1162 577 1191 ,
604 1120 734 1194 quia
760 1132 887 1175 sunt
917 1119 1090 1175 solido
1122 1139 1247 1175 cum
1274 1139 1501 1195 corpore
1519 1162 1534 1190 ‚
1563 1139 1818 1196 respuere
1847 1120 1985 1174 ictus
2002 1161 2017 1188 ‚

437 1218 550 1272 Nec
578 1229 862 1292 penetrare
891 1218 1004 1292 pati
1034 1218 1136 1272 sibi
1163 1218 1460 1294 quidquam
1479 1260 1494 1290 ‚
1523 1218 1671 1293 quod
1695 1230 1866 1293 queat.
1886 1229 2060 1273 arctas

432 1315 738 1370 Dissociare
769 1316 915 1371 intus
943 1326 1152 1391 partes;
1183 1327 1244 1370 ut
1275 1317 1523 1372 materiai

433 1415 679 1491 Corpora
705 1426 860 1485 sunt,
889 1434 1123 1490 quorum
1150 1425 1404 1468 naturam
1430 1413 1767 1468 ostendimus
1794 1426 1918 1468 ante
1945 1435 1956 1468 :

430 1516 540 1570 Aut
566 1513 687 1568 ideo
714 1513 909 1568 durare
936 1523 1146 1568 aetatem
1171 1532 1328 1588 posse
1354 1530 1452 1588 per
1477 1531 1695 1567 omnem
1712 1553 1728 1582 ‚

430 1611 720 1689 Plagarum
752 1612 879 1688 quia
912 1623 1040 1667 sunt
1073 1612 1349 1687 expertia3
1385 1611 1525 1666 sicut
1554 1611 1716 1665 inane
1743 1622 1855 1680 est,

431 1715 597 1786 Quod
632 1727 816 1770 manet
847 1716 1147 1787 intactum,
1184 1734 1361 1790 neque
1392 1714 1459 1770 ab
1493 1715 1614 1769 ictu
1642 1713 1888 1790 fungitur
1919 1710 2092 1767 hilum
2123 1731 2132 1764 :

431 1816 546 1870 Aut
578 1813 697 1869 ideo
714 1857 729 1886 ,
764 1815 892 1890 quia
918 1813 1068 1870 nulla
1096 1813 1201 1870 loci
1233 1815 1304 1869 sit
1332 1814 1487 1891 copia
1515 1813 1721 1868 circum
1738 1857 1753 1883 ‚

431 1914 559 1984 Quo
587 1913 740 1988 quasi
769 1932 855 1968 res
885 1914 1092 1990 possint
1119 1911 1395 1969 discedere
1423 1910 1781 1987 dissolvique3

433 2012 586 2067 Sicut
612 2032 949 2068 summarum
976 2031 1189 2068 summa
1217 2023 1298 2067 est
1324 2023 1557 2081 aeterna3
1583 2031 1760 2086 neque
1789 2022 1939 2065 extra

430 2111 568 2181 Quis
598 2109 749 2166 locus
780 2122 892 2181 est,
922 2131 1030 2186 quo
1058 2111 1341 2188 diffugiat3
1372 2131 1549 2186 neque
1574 2129 1803 2186 corpora
1830 2120 1986 2179 sunt,
2016 2128 2138 2183 quae

427 2209 641 2264 Possint
670 2209 907 2264 incidere
937 2220 990 2264 et
1019 2208 1198 2264 valida
1228 2208 1520 2265 dissolvere
1547 2208 1720 2284 plaga.

428 2315 501 2363 At
530 2329 738 2384 neque,
769 2310 850 2364 uti
883 2307 1080 2381 docui,
1117 2307 1291 2364 solido
1322 2329 1449 2364 cum
1481 2327 1711 2383 corpore
1741 2306 1938 2362 mentis

427 2407 638 2462 Natura
666 2419 748 2462 est
765 2449 781 2478 ‚
817 2408 1076 2482 quoniam
1107 2407 1404 2463 admistum
1431 2420 1510 2463 est
1538 2407 1595 2462 in
1620 2406 1781 2462 rebus
1807 2407 1967 2461 inane
1996 2425 2008 2457 :

429 2502 545 2559 Nec
579 2518 759 2562 tamen
789 2517 873 2561 est
904 2518 967 2560 ut
999 2507 1189 2576 inane;
1221 2526 1396 2582 neque
1427 2518 1610 2561 autern
1641 2525 1867 2582 corpora
1901 2503 2093 2558 desunt
2115 2542 2131 2573 ,

428 2606 508 2660 Ex
537 2603 756 2659 infinito
783 2624 901 2680 quae
927 2605 1137 2681 possint
1161 2604 1300 2660 forte
1328 2617 1514 2660 coorta
1533 2647 1548 2676 ,

426 2705 692 2758 Proruere
718 2703 856 2760 hanc
890 2705 1087 2761 mentis
1115 2702 1357 2759 violento
1385 2704 1604 2759 turbine
1630 2702 1828 2758 molem
1846 2743 1860 2771 ‚

430 2802 538 2856 Aut
565 2799 729 2856 aliam
751 2803 997 2878 quamvis
1023 2800 1230 2859 cladem
1259 2803 1556 2878 importare
1583 2799 1770 2878 pericli
1797 2821 1808 2854 :

427 2899 479 2955 N
481 2920 542 2955 ec
569 2920 733 2977 porro
758 2913 955 2957 natura
980 2900 1114 2974 loci,
1144 2903 1488 2978 spatiumque
1515 2899 1772 2977 profundi

426 2998 654 3071 Deficit,
688 3002 933 3078 exspergi
961 3022 1072 3078 quo
1099 3002 1268 3079 possit
1294 3001 1376 3056 vis
1404 3001 1604 3056 animai
1623 3043 1638 3072 ‚

424 3102 537 3155 Aut
563 3097 667 3154 alia
693 3101 880 3175 quavis
903 3102 1073 3177 possit
1097 3102 1150 3156 vi
1173 3099 1326 3177 pulsa
1352 3099 1532 3176 perire
1558 3120 1570 3154 z

425 3196 584 3252 Haud
617 3198 784 3275 igitur
816 3198 949 3255 lethi
982 3198 1241 3277 praeclusa
1272 3211 1352 3255 est
1380 3199 1543 3275 janua
1580 3199 1765 3253 menti.

504 3295 670 3367 Quod
700 3297 744 3352 si
774 3297 911 3354 forte
940 3298 1063 3355 ideo
1090 3299 1260 3375 magis
1285 3296 1608 3354 immortalis
1634 3294 1880 3352 habenda
1905 3304 1988 3349 est
2005 3334 2021 3364 ,
