2320 3866
396 251 421 295 3
428 244 485 304 34
999 248 1473 294 ADNOTATIONES

458 345 606 404 Arqui
631 342 691 407 (v.
730 339 856 405 525).
890 343 959 387 De
996 342 1248 403 antiquiori
1284 332 1626 404 orthographia
1645 358 1817 403 arquus
1848 345 1905 390 cf.
1931 330 2081 393 sosrr.

391 420 612 475 Cunus„
637 406 682 474 1,
715 433 762 477 p.
798 418 889 477 93,
921 417 1004 477 qui
1041 426 1166 462 recte
1191 419 1342 477 rejicit
1378 418 1621 464 discrimen
1654 433 1681 462 a
1717 419 1876 465 Nonio
1910 419 1974 484 (v,
2001 421 2086 477 14)

390 502 610 540 statutum
625 527 639 550 ,
660 501 714 538 ut
736 509 755 532 «
776 507 910 536 arcus
936 491 992 536 sit
1016 491 1166 538 omnis
1186 508 1431 553 suspensus
1458 492 1637 551 fornix,
1659 508 1828 555 arquus
1853 511 1967 542 vero
1987 514 2087 543 non
2136 522 2138 524 >

390 569 476 613 nisi
500 568 580 628 qui
602 568 652 611 in
687 568 804 612 coelo
833 575 1065 627 appareat.
1085 587 1105 608 >›
1128 568 1478 613 Insolentiorem
1508 583 1620 613 vero
1644 568 1834 630 genitivi
1865 570 2057 618 formam
2072 607 2087 630 ,

390 645 451 689 ad
475 660 500 689 2
527 644 689 689 declin.
714 642 901 700 flexam,
924 642 1136 688 adhibuit
1158 644 1295 689 etiam
1321 644 1433 702 Cic.,
1455 646 1514 689 de
1528 646 1586 690 N.
1602 644 1688 702 1D.,
1720 661 1799 697 111.
1825 661 1903 704 20,
1922 656 1969 692 et
1986 644 2090 692 arci

389 718 442 764 in
461 735 567 765 casu
589 729 716 765 recto
739 718 929 779 pluralis
959 721 1112 764 Varro
1136 720 1264 780 apud
1292 720 1523 779 Nonium,
1550 736 1614 779 11,
1644 737 1718 780 71.

457 797 665 840 Fluvzffos
655 830 682 840 .
712 793 939 854 refraenat
972 805 1128 841 euntes
1165 793 1225 859 (v
1262 793 1389 860 530).
1426 795 1641 881 Similiter
1667 796 1856 858 Virgil„
1896 798 2058 858 Geor-g.
2068 831 2084 853 ‚

393 886 467 928 iv,
495 871 624 917 136:
942 880 944 883 ’

566 1041 718 1052 .....
742 1015 790 1051 Et
812 1011 931 1063 glaeie
948 1024 1079 1050 cursus
1099 1011 1282 1051 fraenaret
1298 1024 1500 1064 aquarum.

390 1160 459 1206 Cf.
482 1160 619 1205 etiam
638 1160 779 1205 Ovm.
794 1193 806 1216 ‚
838 1158 960 1213 Her„
983 1174 1059 1216 VI,
1086 1158 1164 1216 87.

458 1237 685 1281 Plaustris
713 1251 933 1280 concussa
955 1232 1018 1298 (V.
1043 1233 1132 1292 547
1146 1231 1178 1298 ).
1203 1253 1224 1275 «
1240 1233 1289 1280 Si
1310 1233 1508 1294 quando
1525 1249 1694 1296 magna
1707 1249 1850 1281 onera
1862 1251 1948 1296 per
1970 1238 2092 1284 vices

387 1312 707 1358 vehiculorum
732 1310 939 1371 plurium
959 1319 1107 1356 tracta
1130 1319 1238 1356 sunt
1252 1345 1266 1368 ,
1289 1319 1335 1355 et
1357 1317 1473 1355 rotae
1490 1310 1669 1369 majore
1691 1311 1797 1356 nisu
1819 1312 1869 1356 in
1893 1310 2092 1359 salebras

392 1388 656 1433 inciderunt
671 1421 684 1444 ,
721 1397 891 1432 terram
921 1388 1110 1432 concuti
1140 1385 1319 1432 senties.
1353 1386 1714 1447 Asclepiodotus
1745 1388 1912 1446 tradit,
1946 1401 2093 1450 quum

387 1473 520 1525 petra
547 1480 572 1509 e
602 1466 744 1510 latere
774 1463 945 1508 montis
970 1464 1169 1524 abrupta
1207 1463 1462 1521 cecidisset,
1494 1461 1686 1509 aedificia
1708 1464 1861 1510 vicina
1892 1475 2094 1511 tremore

388 1543 602 1601 collapsa.
636 1540 769 1587 Idem
807 1541 894 1585 sub
926 1540 1062 1585 terris
1083 1539 1185 1585 fieri
1212 1548 1393 1600 potest,
1422 1549 1476 1584 ut
1502 1555 1560 1585 ex
1591 1541 1672 1585 his.
1700 1556 1803 1602 quae
1825 1542 2095 1602 impendent

386 1617 584 1677 rupibus
614 1615 771 1677 aliqua
802 1617 1008 1661 resoluta
1035 1631 1206 1677 magno
1235 1617 1447 1676 pondere
1479 1625 1525 1662 et
1557 1632 1674 1663 sono
1701 1618 1752 1663 in
1782 1619 2095 1678 subjacentem

387 1707 631 1738 cavernam
659 1692 816 1749 cadat,
853 1707 909 1736 eo
932 1692 1273 1750 vehementius,
1304 1708 1402 1753 quo
1432 1700 1513 1737 aut
1534 1694 1641 1753 plus
1663 1693 2093 1753 ponderishabuit,

386 1777 469 1813 aut
500 1758 803 1812 venit'altius.
829 1769 890 1812 Et
923 1766 987 1811 sic
1020 1776 1338 1813 commovetur
1378 1783 1516 1813 omne
1548 1777 1724 1814 tectum
1754 1785 1875 1814 cavae
1909 1771 2052 1815 vallis.
2069 1790 2094 1811 n

387 1845 591 1900 Sanc„
616 1845 724 1888 Nat.
754 1844 928 1900 Quoest.
943 1875 958 1897 ,
992 1859 1071 1901 VI,
1105 1858 1180 1889 22.

389 1962 391 1965 ,
452 1920 637 1964 Minent
656 1916 717 1981 (v.
753 1916 880 1980 562).
902 1918 1042 1964 Unde
1067 1926 1228 1964 natum
1251 1918 1511 1973 imminent,
1531 1918 1828 1980 prominent,
1854 1928 1940 1964 ete.

388 2042 392 2047 ,
452 1995 704 2040 Pmtractoe
735 1990 796 2056 (v.
823 1991 950 2058 563).
976 1996 1119 2052 Nam,
1149 1994 1370 2040 inclinata
1395 1995 1583 2053 tellure,
1613 1995 1768 2040 trahes
1790 2012 1815 2042 e
1848 1995 1941 2042 suis
1967 2000 2096 2046 sedi·-

386 2074 475 2118 bus
500 2088 698 2118 excussae
718 2072 931 2131 protrahi
963 2072 1198 2118 videntur.

451 2151 524 2194 Et·
541 2158 746 2194 metuunt
768 2150 950 2194 credere
972 2146 1034 2212 (v.
1060 2147 1189 2213 564).
1213 2169 1233 2190 α
1251 2149 1312 2194 Et
1331 2149 1545 2195 homines
1563 2158 1782 2195 metuunt
1803 2165 1955 2212 usque
1977 2152 2097 2199 adeo

387 2235 442 2272 ut
456 2227 648 2272 credant
660 2226 860 2271 exitium
875 2225 1071 2287 aliquod
1093 2227 1365 2287 clademque
1385 2226 1563 2272 mundo
1578 2227 1831 2272 imminere.
1848 2247 1868 2268 »
1891 2231 2096 2273 Lamnus.

388 2304 498 2349 Non
526 2318 646 2362 opus
670 2310 737 2346 est
763 2310 918 2347 autem
944 2311 1038 2347 tam
1068 2303 1229 2347 subtili
1259 2301 1664 2363 interpretatione,
1694 2304 1950 2349 dummodo
1983 2306 2045 2349 W
2047 2320 2099 2348 a-

388 2379 478 2424 kef.
512 2378 745 2438 sequaris,
780 2377 866 2438 qui
897 2377 1052 2424 versui
1089 2378 1180 2425 566
1226 2378 1604 2440 interrogationis
1638 2379 1848 2441 signum,
1878 2381 2099 2426 suadente

388 2454 597 2500 Bentleio
614 2487 627 2511 ,
665 2453 891 2513 adpinxit.

452 2533 682 2590 Retroque
697 2530 873 2574 recellit
892 2526 955 2593 (v.
982 2526 1109 2593 572).
1142 2549 1162 2569 α
1179 2530 1405 2576 Reclinat.
1425 2551 1445 2572 »
1475 2532 1668 2578 Fzsrus.

396 2634 398 2636 v
454 2605 517 2671 (v.
545 2603 674 2669 573.)
697 2608 962 2651 Pr0nomen
983 2621 1058 2660 se,
1092 2606 1222 2666 quod
1253 2616 1414 2652 contra
1430 2608 1576 2654 libros
1597 2607 1817 2653 inseritur
1837 2616 1945 2668 post
1962 2623 2067 2652 suas
2084 2642 2095 2661 ‚

388 2692 514 2731 recte
543 2682 729 2730 Wakef.
756 2682 922 2728 omisit.
946 2684 1127 2728 Locum
1158 2682 1222 2727 sic
1252 2691 1492 2728 construas
1515 2699 1528 2728 ε
1561 2686 1620 2729 Et
1647 2676 1865 2744 prolapsa
1890 2684 1940 2728 in
1970 2683 2097 2744 pon-

391 2761 501 2806 dere
532 2757 585 2823 (i.
618 2774 658 2805 e.
684 2774 791 2803 cum
818 2759 1052 2819 pondere,
1077 2773 1163 2818 per
1196 2774 1330 2803 suurn
1357 2757 1589 2822 pondus),
1623 2758 1788 2818 recipit
1818 2774 1922 2804 suas
1955 2759 2097 2804 sedes.

393 2852 397 2871 τ
454 2838 561 2882 Ima
577 2835 812 2896 perhilum
834 2832 896 2899 (v.
922 2832 1048 2898 575).
1074 2853 1094 2875 «
1109 2834 1370 2879 Paullulum
1389 2834 1560 2893 modo,
1582 2835 1679 2880 fere
1702 2835 1845 2892 nihil,
1868 2835 1963 2880 imo
1985 2835 2098 2879 nihil

392 2913 610 2970 omnino,
634 2928 904 2973 quanquam
925 2927 1089 2956 verum
1111 2927 1209 2956 non
1231 2921 1313 2957 est.
1336 2931 1360 2953 π
1392 2913 1569 2957 Fannii.

457 2990 587 3050 AEgis
616 2986 677 3052 (v.
706 2987 834 3052 584).
859 2990 939 3035 Sic
961 2990 1105 3050 vulgo
1131 2987 1298 3034 editur.
1327 2988 1506 3035 Wakef.
1532 3004 1589 3034 ex
1611 2989 1831 3034 omnibus
1854 2988 1950 3032 fere
1970 2987 2100 3031 libris

391 3066 590 3111 restituit
612 3067 746 3127 AEgi,
772 3075 826 3110 ut
847 3066 1131 3128 intelligatur
1150 3066 1263 3111 urbs
1278 3065 1356 3110 illa
1377 3065 1673 3111 celeberrima
1694 3065 1873 3110 Achaiae
1887 3064 2097 3124 AEgium,

392 3157 532 3200 quam
560 3142 775 3203 profecto
798 3143 1042 3189 Lueretius
1063 3142 1242 3188 facilius
1265 3157 1630 3188 commemorare
1644 3141 1824 3202 potuit,
1849 3155 1990 3200 quam
2006 3153 2096 3198 op—

392 3218 552 3276 pidum
568 3219 685 3263 illud
699 3219 904 3281 ignobile
918 3224 1063 3280 AEgas
1085 3222 1158 3265 vel
1181 3222 1320 3280 AEga‚
1345 3219 1439 3277 jam
1461 3218 1786 3280 antiquissimis
1812 3215 2099 3276 temporibus
