2300 3926
203 274 258 319 μ.
275 268 387 318 471.)
606 267 687 310 ΒΕ
720 263 940 308 RERUM
974 262 1221 307 NATURA
1256 262 1365 306 Lm.
1403 264 1484 306 111.
1837 258 1898 319 95

212 365 401 439 Quare
427 368 665 423 animum
688 383 903 440 quoque
923 361 1142 420 dissolvi
1170 363 1370 419 fateare
1399 382 1610 418 necesse
1637 373 1743 429 est,

216 464 672 541 Quandoquidem
703 472 991 537 penetrant
1018 461 1075 515 in
1102 481 1227 516 eum
1256 462 1506 538 contagia
1533 461 1726 516 morbi.

210 566 351 621 Nam
382 562 537 619 dolor
562 581 624 616 ac
655 559 877 615 morbus
905 557 1038 614 lethi
1071 559 1360 616 fabricator
1386 572 1615 634 uterque
1638 570 1746 614 est:

182 649 511 718 ⁸Multorum
539 658 702 715 exitio
730 657 976 734 perdocti
1003 659 1151 735 quod
1180 679 1366 714 sumus
1399 669 1539 714 ante.

284 759 535 834 Denique
563 777 662 812 cur
679 798 694 826 ,
721 756 999 811 hominem
1029 778 1199 832 quum
1223 758 1337 812 vini
1366 756 1448 811 vis
1475 755 1780 831 penetravit

204 858 383 927 Acris,
414 868 468 912 et
494 857 549 911 in
579 875 746 910 venas
771 854 1014 910 discessit
1045 855 1249 910 diditus
1283 854 1471 925 ardor,

108 1019 115 1025 ,
203 955 566 1030 Consequitur
589 941 825 1030 gravitas
849 952 1258 1008 membrorum?
1290 953 1698 1029 praepediuntur

204 1056 378 1110 Crura
397 1050 708 1108 vacillanti?
733 1051 989 1115 tardescit
1020 1050 1236 1129 lingua?
1257 1052 1440 1108 madet
1468 1051 1649 1108 mens?

201 1152 351 1208 Nant
379 1150 557 1207 oculi?
579 1150 810 1223 clamor,
844 1149 1140 1228 singultus,
1172 1150 1354 1228 jurgia
1382 1150 1656 1228 gliscunt?

202 1253 270 1306 Et
294 1251 409 1326 jam
438 1261 629 1306 caetera
656 1250 724 1307 de
747 1270 945 1327 genere
976 1251 1083 1306 hoc
1111 1271 1450 1326 quaecunque
1477 1248 1817 1326 sequuntur?

200 1350 313 1404 Cur
341 1369 404 1404 ea
436 1361 588 1420 sunt,
614 1350 718 1405 nisi
742 1349 891 1425 quod
919 1350 1211 1405 vehemens
1240 1348 1500 1404 violentia
1519 1350 1633 1403 vini

201 1447 543 1504 Conturbare
572 1448 809 1504 animam
835 1448 1376 1524 consuevit'corpore
1403 1448 1458 1502 in
1491 1446 1643 1524 ipso?

202 1547 300 1617 At,
333 1566 669 1622 quaecunque
699 1558 908 1621 queunt
935 1547 1253 1602 conturbari
1282 1548 1450 1620 inque
1479 1544 1677 1621 pediri,

204 1644 552 1720 Significant,
588 1643 752 1720 paulo
778 1645 823 1699 si
849 1643 1039 1699 durior
1066 1644 1357 1699 insinuarit

200 1743 408 1813 Causa,
438 1742 553 1798 fore
581 1754 644 1798 ut
671 1754 925 1818 pereant,
955 1762 1078 1797 aevo
1098 1744 1312 1818 privata
1341 1741 1563 1807 futur0„

279 1841 434 1913 Quin
450 1841 638 1912 etiam,
665 1840 844 1896 subita
867 1841 923 1895 vi
947 1841 1124 1896 morbi
1151 1860 1290 1917 saepe
1322 1853 1567 1912 coactuS,

200 1943 344 1998 Ante
371 1938 556 1997 oculos
586 1938 780 2016 aliquis
808 1952 1048 2012 nostros,
1078 1953 1141 1996 ut
1174 1939 1419 1996 fulminis
1448 1942 1560 1996 ictu
1577 1983 1593 2012 ,

201 2039 475 2111 Concidit,
505 2051 559 2095 et
586 2060 806 2116 spumas
837 2041 977 2117 agit,
1013 2041 1273 2116 ingemit,
1296 2052 1352 2095 et
1380 2041 1569 2095 tremit
1596 2051 1773 2110 artUS,

199 2139 439 2214 Desipit‚
468 2150 711 2195 extentat
737 2159 962 2209 nervos,
994 2150 1312 2214 torquetur,
1344 2137 1573 2193 anhelat

201 2239 603 2306 Inconstanter,
634 2249 690 2292 et
717 2239 775 2292 in
800 2236 1059 2313 jactando
1088 2236 1336 2291 membra
1364 2236 1570 2311 fatigat.

201 2336 502 2405 Nimirum,
532 2335 662 2410 quia
689 2337 770 2391 vis
799 2335 1003 2407 morbi,
1031 2334 1292 2390 distracta
1318 2354 1415 2409 per
1445 2332 1623 2404 artus,

200 2433 409 2490 Turbat
438 2454 600 2509 agens
628 2435 889 2505 animam,
926 2454 1185 2510 spumans
1214 2445 1276 2487 ut
1304 2433 1361 2486 in
1392 2451 1608 2507 aequore
1637 2429 1779 2486 salso

201 2535 508 2589 Ventorum
536 2530 728 2588 validis
756 2532 1004 2588 fervescit
1031 2532 1240 2587 viribus
1267 2529 1448 2587 unda:

203 2631 542 2707 Exprimitur
568 2651 732 2707 porro
763 2632 1021 2708 gemitus,
1054 2631 1182 2707 quia
1211 2624 1671 2685 membradolore

209 2729 563 2800 Afficiuntur‚
594 2742 650 2786 et
677 2731 903 2785 omnino
932 2729 1082 2806 quod
1110 2729 1316 2794 semina
1342 2727 1495 2782 vocis

207 2829 538 2904 Ejiciuntur,
572 2841 627 2885 et
656 2850 750 2885 ore
778 2829 921 2885 foras
951 2827 1251 2906 glomerata
1279 2826 1533 2882 feruntur

214 2930 341 3001 Qua
370 2931 522 3006 quasi
555 2944 919 3003 consuerunt,
956 2942 1010 2986 et
1042 2941 1172 2985 sunt
1187 2928 1398 2983 munita
1433 2925 1577 2980 viai:

210 3028 547 3103 Desipientia
578 3028 663 3101 fit,
692 3031 818 3106 quia
846 3031 927 3085 vis
956 3029 1123 3084 animi
1154 3039 1315 3101 atque
1343 3023 1544 3079 animai

213 3125 620 3197 Conturbatur,
653 3139 730 3198 et,
752 3141 816 3184 ut
839 3129 1028 3199 docui,
1059 3128 1229 3183 divisa
1257 3142 1502 3179 seorsum

214 3222 545 3300 Disjectatur
564 3265 580 3294 ,
612 3223 800 3282 eodem
829 3225 922 3282 illo
954 3227 1211 3282 distracta
1241 3240 1469 3277 venene.
