2320 3866
186 232 373 282 (two.)
595 231 675 274 DE
712 227 936 272 RERUM
970 225 1218 270 NATURA
1254 225 1364 269 LIB.
1402 226 1481 269 IV.
1799 222 1884 278 143

185 335 302 391 Nec
332 320 580 390 dissentit
611 314 736 388 eum
768 331 960 388 mortis
988 329 1231 406 lethique
1262 329 1498 405 potitum

183 432 542 511 Jampridem,
572 451 734 508 quem
767 449 920 485 mens
953 430 1140 486 vivum
1170 449 1226 485 se
1256 448 1479 485 cernere
1512 427 1701 484 credit.

178 608 184 613 ἣ
263 531 430 604 Quod
459 542 734 608 superest,
764 549 875 585 non
905 541 984 584 est
1014 531 1214 586 mirum
1246 527 1537 585 simulacra
1571 526 1806 595 moveri,

183 631 519 706 Brachiaque
546 631 603 685 in
628 648 918 684 numerum
942 629 1184 705 jactare,
1215 641 1269 684 et
1298 641 1474 685 cetera
1506 608 1750 686 membra
1780 647 1792 680 :

182 731 327 786 Nam
358 729 420 785 fit
445 741 506 784 ut
527 730 585 784 in
614 729 819 785 somnis
842 728 1019 784 faeere
1049 729 1154 784 hoc
1181 728 1435 783 videatur
1463 727 1643 802 imago
1676 747 1688 780 :

183 828 406 905 Quippe
433 827 527 912 ubi
556 823 734 905 prima
761 829 929 904 perit,
965 825 1182 904 alioque
1212 839 1294 882 est
1321 824 1493 881 altera
1522 836 1651 879 nata

106 979 113 986 ,
180 925 339 983 Endo
366 938 542 999 statu,
575 927 729 1003 prior
756 927 870 983 haec
901 939 1115 1004 gestum
1148 938 1385 981 mutasse
1416 923 1636 979 videtur
1667 945 1679 978 :

180 1023 394 1082 Scilicet
418 1025 474 1082 id
499 1025 618 1082 fieri
645 1026 811 1083 celeri
839 1027 1049 1084 ratione
1078 1025 1388 1104 putandum
1417 1036 1513 1080 est.

177 1124 464 1203 Multaque
495 1128 552 1182 in
578 1127 665 1183 his
692 1127 857 1184 rebus
888 1139 1226 1204 quaeruntur,
1258 1125 1537 1201 multaque
1570 1124 1729 1180 nobis

177 1222 516 1282 Clarandum
544 1239 650 1300 est,
672 1226 835 1305 plane
864 1229 909 1283 si
941 1248 1027 1283 res
1049 1220 1332 1303 'exponere
1367 1245 1609 1281 avemus,

256 1317 537 1397 Quaeritur‘
561 1326 831 1403 imprimis
864 1347 1064 1403 quare,
1092 1326 1243 1403 quod
1276 1326 1518 1402 quoique
1547 1323 1719 1379 libido

177 1424 432 1496 Venerit,
462 1425 736 1504 extemplo
767 1447 918 1482 mens
949 1427 1154 1505 cogitet
1181 1426 1299 1502 ejus
1333 1425 1575 1502 idipsum
1608 1446 1621 1479 z

178 1524 334 1579 Anne
367 1523 706 1583 voluntatem
733 1539 975 1583 nostram
1009 1509 1303 1583 simulacra
1331 1537 1575 1593 tuentur,

178 1625 249 1678 Et
279 1623 440 1679 simul
465 1644 529 1681 ae
548 1624 826 1699 volumus,
860 1626 1018 1688 nobis
1047 1626 1289 1682 occurrit
1314 1624 1534 1702 imago?

174 1723 233 1778 Si
264 1743 445 1796 mare,
467 1711 525 1780 ‘si
553 1737 760 1786 terram,
787 1725 940 1783 cordi
970 1720 1082 1797 est,
1113 1727 1157 1781 si
1193 1725 1431 1802 denique
1463 1722 1660 1780 coelum
1678 1767 1693 1796 ,

174 1821 491 1880 Conventus
517 1824 806 1881 hominum
823 1869 838 1898 ,
867 1846 1152 1904 pompam,
1186 1826 1466 1895 convivia,
1499 1845 1713 1902 pugnas
1734 1867 1749 1896 ,

174 1922 375 2003 Omnia
403 1923 504 1980 sub
540 1925 776 1981 verbone
805 1938 955 1982 creat
984 1927 1195 1983 Natura
1225 1924 1529 2002 paratque?

173 2021 363 2094 Quum
395 2017 695 2099 praesertim
726 2024 875 2098 aliis,
905 2025 1138 2082 eadem
1125 2047 1182 2081 111
1204 2027 1439 2103 regione
1469 2024 1703 2129 locoque
1721 2067 1736 2096 ,

172 2122 363 2198 Longe
391 2121 676 2180 dissimiles
704 2127 919 2182 animus
946 2146 1032 2182 res
1060 2127 1264 2202 cogitet
1295 2126 1492 2180 omnis.

254 2220 406 2293 Quid
434 2242 633 2298 porro,
663 2225 721 2278 in
755 2245 1045 2280 numerum
1073 2224 1372 2302 procedere
1406 2244 1577 2300 quum
1606 2222 1895 2280 simulacra

174 2321 465 2376 Cernimus
498 2322 556 2377 in
590 2324 819 2393 somniS‚
850 2336 904 2380 et
938 2322 1124 2380 mollia
1154 2325 1402 2379 membra
1434 2344 1676 2396 movere;

175 2417 368 2475 Mollia
396 2420 671 2479 mobiliter
704 2444 877 2499 quum
903 2422 1126 2480 alternis
1157 2422 1384 2479 brachia
1418 2424 1673 2495 mittunt3

174 2520 246 2574 Et
274 2532 531 2597 repetunt
562 2521 735 2580 oculis
766 2534 980 2602 gestum
1007 2523 1148 2601 pede
1181 2524 1556 2597 convenienti3

175 2617 391 2676 Scilicet
419 2634 534 2678 arte
566 2622 788 2680 madent
818 2624 1141 2699 simulacra,
1173 2637 1228 2693 et
1261 2625 1422 2681 docta
1461 2636 1747 2701 vagantur,

175 2719 462 2777 Nocturno
488 2721 665 2780 facere
696 2737 758 2780 ut
780 2726 994 2802 possint
1018 2726 1075 2780 in
1106 2736 1352 2802 tempore
1389 2724 1583 2780 ludos?

175 2821 262 2873 An
291 2820 459 2896 magis
486 2820 621 2878 illud
651 2826 757 2880 erit
786 2845 1006 2898 verum,
1040 2826 1170 2902 quia
1204 2838 1448 2901 tempore
1476 2825 1533 2879 in
1565 2843 1677 2879 uno

175 2918 366 2990 Quum
396 2921 654 2979 sentimus
683 2925 767 2998 id,
798 2938 859 2982 ut
891 2946 1062 3003 quum
1095 2948 1202 2983 vox
1233 2925 1500 2980 emittitur
1530 2945 1667 2997 una,

175 3018 449 3103 Tempora
477 3019 650 3077 multa
679 3022 875 3098 latent,
907 3028 1048 3083 ratio
1085 3048 1205 3104 quae
1235 3026 1499 3103 comperit
1530 3046 1643 3081 esse
1679 3047 1689 3079 :

177 3119 471 3194 Propterea
504 3118 565 3175 fit
593 3123 699 3192 uti,
728 3126 920 3200 quovis
951 3128 1007 3182 in
1040 3140 1285 3204 tempore
1304 3168 1319 3198 ,
1351 3145 1580 3201 quaeque

178 3217 380 3274 Praesto
411 3219 521 3275 sint
553 3221 863 3296 simulacra,
893 3225 1024 3282 locis
1060 3230 1115 3283 in
1147 3229 1409 3305 queisque
1439 3237 1627 3302 parata
1660 3247 1669 3278 z
