<?xml version="1.0" encoding="UTF-8"?>
<!DOCTYPE html PUBLIC "-//W3C//DTD XHTML 1.0 Transitional//EN"
    "http://www.w3.org/TR/xhtml1/DTD/xhtml1-transitional.dtd">
<html xmlns="http://www.w3.org/1999/xhtml" xml:lang="en" lang="en">
 <head>
  <title>
</title>
<meta http-equiv="Content-Type" content="text/html;charset=utf-8" />
  <meta name='ocr-system' content='tesseract 3.04.00' />
  <meta name='ocr-capabilities' content='ocr_page ocr_carea ocr_par ocr_line ocrx_word'/>
</head>
<body>
  <div class='ocr_page' id='page_1' title='image "./dererumnaturali00lucruoft_0337.png"; bbox 0 0 2320 3866; ppageno 0'>
   <div class='ocr_carea' id='block_1_1' title="bbox 874 271 1962 328">
    <p class='ocr_par' dir='ltr' id='par_1_1' title="bbox 874 271 1962 328">
     <span class='ocr_line' id='line_1_1' title="bbox 874 271 1962 328; baseline -0.001 -12"><span class='ocrx_word' id='word_1_1' title='bbox 874 272 941 316; x_wconf 88' lang='lat' dir='ltr'><strong>IN</strong></span> <span class='ocrx_word' id='word_1_2' title='bbox 972 271 1351 317; x_wconf 82' lang='lat' dir='ltr'><strong>LUCRETIUM.</strong></span> <span class='ocrx_word' id='word_1_3' title='bbox 1874 272 1923 317; x_wconf 86' lang='lat'><strong>31</strong></span> <span class='ocrx_word' id='word_1_4' title='bbox 1937 287 1962 328; x_wconf 94' lang='lat'><strong>7</strong></span> 
     </span>
    </p>
   </div>
   <div class='ocr_carea' id='block_1_2' title="bbox 188 348 1979 1493">
    <p class='ocr_par' dir='ltr' id='par_1_2' title="bbox 188 348 1968 656">
     <span class='ocr_line' id='line_1_2' title="bbox 328 348 1966 432; baseline -0.001 -20"><span class='ocrx_word' id='word_1_5' title='bbox 328 367 390 432; x_wconf 81' lang='lat' dir='ltr'><strong>(v.</strong></span> <span class='ocrx_word' id='word_1_6' title='bbox 424 367 550 421; x_wconf 77' lang='lat'><strong>352.)</strong></span> <span class='ocrx_word' id='word_1_7' title='bbox 579 387 600 409; x_wconf 76' lang='grc' dir='ltr'>α</span> <span class='ocrx_word' id='word_1_8' title='bbox 623 367 750 414; x_wconf 88' lang='lat' dir='ltr'><strong>Nihil</strong></span> <span class='ocrx_word' id='word_1_9' title='bbox 783 374 1006 412; x_wconf 84' lang='lat' dir='ltr'><strong>aeternum</strong></span> <span class='ocrx_word' id='word_1_10' title='bbox 1034 375 1114 410; x_wconf 91' lang='lat' dir='ltr'><strong>aut</strong></span> <span class='ocrx_word' id='word_1_11' title='bbox 1143 348 1671 427; x_wconf 73' lang='lat' dir='ltr'><strong>immortalecognoscit</strong></span> <span class='ocrx_word' id='word_1_12' title='bbox 1704 364 1935 423; x_wconf 85' lang='lat' dir='ltr'><strong>Epicurus</strong></span> <span class='ocrx_word' id='word_1_13' title='bbox 1953 401 1966 423; x_wconf 91' lang='lat'>,</span> 
     </span>
     <span class='ocr_line' id='line_1_3' title="bbox 264 439 1967 506; baseline -0.004 -14"><span class='ocrx_word' id='word_1_14' title='bbox 264 453 434 506; x_wconf 82' lang='lat' dir='ltr'><strong>praeter</strong></span> <span class='ocrx_word' id='word_1_15' title='bbox 469 459 668 506; x_wconf 90' lang='lat' dir='ltr'><strong>corpora</strong></span> <span class='ocrx_word' id='word_1_16' title='bbox 689 443 893 504; x_wconf 83' lang='lat' dir='ltr'><strong>perfecte</strong></span> <span class='ocrx_word' id='word_1_17' title='bbox 918 441 1067 487; x_wconf 90' lang='lat' dir='ltr'><strong>solida</strong></span> <span class='ocrx_word' id='word_1_18' title='bbox 1082 478 1094 500; x_wconf 92' lang='lat'>,</span> <span class='ocrx_word' id='word_1_19' title='bbox 1117 442 1256 488; x_wconf 89' lang='lat' dir='ltr'><strong>inane</strong></span> <span class='ocrx_word' id='word_1_20' title='bbox 1293 451 1338 488; x_wconf 87' lang='lat' dir='ltr'><strong>et</strong></span> <span class='ocrx_word' id='word_1_21' title='bbox 1359 450 1404 492; x_wconf 82' lang='grc' dir='ltr'><strong>τὸ</strong></span> <span class='ocrx_word' id='word_1_22' title='bbox 1437 450 1534 491; x_wconf 82' lang='grc' dir='ltr'>πᾶν.</span> <span class='ocrx_word' id='word_1_23' title='bbox 1557 442 1621 486; x_wconf 80' lang='lat' dir='ltr'><strong>At</strong></span> <span class='ocrx_word' id='word_1_24' title='bbox 1642 439 1847 495; x_wconf 84' lang='lat' dir='ltr'><strong>mundus</strong></span> <span class='ocrx_word' id='word_1_25' title='bbox 1869 457 1967 487; x_wconf 87' lang='lat' dir='ltr'><strong>non</strong></span> 
     </span>
     <span class='ocr_line' id='line_1_4' title="bbox 188 514 1968 582; baseline -0.004 -15"><span class='ocrx_word' id='word_1_26' title='bbox 188 578 193 582; x_wconf 37' lang='grc'><strong>-</strong></span> <span class='ocrx_word' id='word_1_27' title='bbox 262 531 330 567; x_wconf 88' lang='lat' dir='ltr'><strong>est</strong></span> <span class='ocrx_word' id='word_1_28' title='bbox 352 537 524 582; x_wconf 88' lang='lat' dir='ltr'><strong>corpus</strong></span> <span class='ocrx_word' id='word_1_29' title='bbox 536 521 741 582; x_wconf 81' lang='lat' dir='ltr'><strong>perfecte</strong></span> <span class='ocrx_word' id='word_1_30' title='bbox 768 517 994 575; x_wconf 90' lang='lat' dir='ltr'><strong>solidum,</strong></span> <span class='ocrx_word' id='word_1_31' title='bbox 1010 533 1098 563; x_wconf 91' lang='lat' dir='ltr'><strong>nec</strong></span> <span class='ocrx_word' id='word_1_32' title='bbox 1119 518 1281 580; x_wconf 80' lang='lat' dir='ltr'><strong>inane,</strong></span> <span class='ocrx_word' id='word_1_33' title='bbox 1302 533 1483 579; x_wconf 88' lang='lat' dir='ltr'><strong>neque,</strong></span> <span class='ocrx_word' id='word_1_34' title='bbox 1506 532 1653 577; x_wconf 89' lang='lat' dir='ltr'><strong>quum</strong></span> <span class='ocrx_word' id='word_1_35' title='bbox 1675 514 1845 561; x_wconf 90' lang='lat' dir='ltr'><strong>infiniti</strong></span> <span class='ocrx_word' id='word_1_36' title='bbox 1878 517 1968 561; x_wconf 90' lang='lat' dir='ltr'><strong>sint</strong></span> 
     </span>
     <span class='ocr_line' id='line_1_5' title="bbox 261 594 1728 656; baseline -0.003 -14"><span class='ocrx_word' id='word_1_37' title='bbox 261 598 453 655; x_wconf 89' lang='lat' dir='ltr'><strong>mundi,</strong></span> <span class='ocrx_word' id='word_1_38' title='bbox 480 598 578 643; x_wconf 87' lang='lat' dir='ltr'><strong>haec</strong></span> <span class='ocrx_word' id='word_1_39' title='bbox 606 608 847 656; x_wconf 85' lang='lat' dir='ltr'><strong>compages</strong></span> <span class='ocrx_word' id='word_1_40' title='bbox 868 603 1024 654; x_wconf 90' lang='lat' dir='ltr'><strong>potest</strong></span> <span class='ocrx_word' id='word_1_41' title='bbox 1045 594 1138 640; x_wconf 91' lang='lat' dir='ltr'><strong>dici</strong></span> <span class='ocrx_word' id='word_1_42' title='bbox 1166 595 1447 650; x_wconf 84' lang='lat' dir='ltr'><strong>universum.</strong></span> <span class='ocrx_word' id='word_1_43' title='bbox 1475 614 1495 635; x_wconf 89' lang='lat'>»</span> <span class='ocrx_word' id='word_1_44' title='bbox 1519 596 1728 639; x_wconf 71' lang='grc'><strong>(1111111011.</strong></span> 
     </span>
    </p>

    <p class='ocr_par' dir='ltr' id='par_1_3' title="bbox 263 668 1967 807">
     <span class='ocr_line' id='line_1_6' title="bbox 326 668 1967 731; baseline -0.004 -12"><span class='ocrx_word' id='word_1_45' title='bbox 326 674 489 719; x_wconf 90' lang='lat' dir='ltr'><strong>Omnis</strong></span> <span class='ocrx_word' id='word_1_46' title='bbox 508 673 586 718; x_wconf 81' lang='lat' dir='ltr'><strong>hic</strong></span> <span class='ocrx_word' id='word_1_47' title='bbox 613 673 768 727; x_wconf 85' lang='lat' dir='ltr'><strong>locus,</strong></span> <span class='ocrx_word' id='word_1_48' title='bbox 789 686 877 715; x_wconf 82' lang='lat' dir='ltr'><strong>vss.</strong></span> <span class='ocrx_word' id='word_1_49' title='bbox 905 669 1121 729; x_wconf 80' lang='lat'><strong>352-375</strong></span> <span class='ocrx_word' id='word_1_50' title='bbox 1138 706 1151 729; x_wconf 92' lang='lat'>,</span> <span class='ocrx_word' id='word_1_51' title='bbox 1174 671 1250 717; x_wconf 89' lang='lat' dir='ltr'><strong>hic</strong></span> <span class='ocrx_word' id='word_1_52' title='bbox 1272 671 1339 715; x_wconf 89' lang='lat' dir='ltr'><strong>ibi</strong></span> <span class='ocrx_word' id='word_1_53' title='bbox 1362 671 1606 731; x_wconf 91' lang='lat' dir='ltr'><strong>paululum</strong></span> <span class='ocrx_word' id='word_1_54' title='bbox 1626 678 1852 726; x_wconf 87' lang='lat' dir='ltr'><strong>mutatus,</strong></span> <span class='ocrx_word' id='word_1_55' title='bbox 1876 668 1967 727; x_wconf 86' lang='lat' dir='ltr'><strong>jam</strong></span> 
     </span>
     <span class='ocr_line' id='line_1_7' title="bbox 263 745 807 807; baseline -0.011 -12"><span class='ocrx_word' id='word_1_56' title='bbox 263 749 415 795; x_wconf 82' lang='lat' dir='ltr'><strong>adfuit</strong></span> <span class='ocrx_word' id='word_1_57' title='bbox 445 765 538 807; x_wconf 89' lang='lat'>111,</span> <span class='ocrx_word' id='word_1_58' title='bbox 573 745 807 806; x_wconf 83' lang='lat'><strong>807-829.</strong></span> 
     </span>
    </p>

    <p class='ocr_par' dir='ltr' id='par_1_4' title="bbox 327 820 1786 886">
     <span class='ocr_line' id='line_1_8' title="bbox 327 820 1786 886; baseline -0.005 -15"><span class='ocrx_word' id='word_1_59' title='bbox 327 826 425 871; x_wconf 88' lang='lat' dir='ltr'><strong>Sed</strong></span> <span class='ocrx_word' id='word_1_60' title='bbox 435 833 575 886; x_wconf 81' lang='lat' dir='ltr'><strong>patet</strong></span> <span class='ocrx_word' id='word_1_61' title='bbox 594 820 654 885; x_wconf 82' lang='lat' dir='ltr'><strong>(v.</strong></span> <span class='ocrx_word' id='word_1_62' title='bbox 682 820 815 884; x_wconf 84' lang='lat'><strong>376).</strong></span> <span class='ocrx_word' id='word_1_63' title='bbox 850 824 995 875; x_wconf 88' lang='lat' dir='ltr'><strong>Vasto</strong></span> <span class='ocrx_word' id='word_1_64' title='bbox 1026 821 1158 866; x_wconf 89' lang='lat' dir='ltr'><strong>hiatu</strong></span> <span class='ocrx_word' id='word_1_65' title='bbox 1177 829 1342 881; x_wconf 89' lang='lat' dir='ltr'><strong>patens</strong></span> <span class='ocrx_word' id='word_1_66' title='bbox 1375 820 1463 865; x_wconf 86' lang='lat' dir='ltr'><strong>illis</strong></span> <span class='ocrx_word' id='word_1_67' title='bbox 1488 820 1684 865; x_wconf 86' lang='lat' dir='ltr'><strong>obversa</strong></span> <span class='ocrx_word' id='word_1_68' title='bbox 1706 829 1786 866; x_wconf 90' lang='lat' dir='ltr'><strong>est.</strong></span> 
     </span>
    </p>

    <p class='ocr_par' dir='ltr' id='par_1_5' title="bbox 256 895 1971 1025">
     <span class='ocr_line' id='line_1_9' title="bbox 321 895 1971 961; baseline -0.004 -15"><span class='ocrx_word' id='word_1_69' title='bbox 321 902 412 947; x_wconf 84' lang='lat' dir='ltr'><strong>Pio</strong></span> <span class='ocrx_word' id='word_1_70' title='bbox 432 914 722 961; x_wconf 86' lang='lat' dir='ltr'><em>nequaquam</em></span> <span class='ocrx_word' id='word_1_71' title='bbox 752 896 812 959; x_wconf 86' lang='lat' dir='ltr'><strong>(v.</strong></span> <span class='ocrx_word' id='word_1_72' title='bbox 841 897 966 960; x_wconf 86' lang='lat'><strong>382).</strong></span> <span class='ocrx_word' id='word_1_73' title='bbox 1001 896 1181 958; x_wconf 84' lang='lat' dir='ltr'><strong>Impio,</strong></span> <span class='ocrx_word' id='word_1_74' title='bbox 1209 896 1322 957; x_wconf 91' lang='lat' dir='ltr'><strong>quia</strong></span> <span class='ocrx_word' id='word_1_75' title='bbox 1354 896 1529 941; x_wconf 87' lang='lat' dir='ltr'><strong>bellum</strong></span> <span class='ocrx_word' id='word_1_76' title='bbox 1557 897 1650 941; x_wconf 92' lang='lat' dir='ltr'><strong>hoc</strong></span> <span class='ocrx_word' id='word_1_77' title='bbox 1675 905 1743 940; x_wconf 83' lang='lat' dir='ltr'><strong>est</strong></span> <span class='ocrx_word' id='word_1_78' title='bbox 1768 895 1901 941; x_wconf 84' lang='lat' dir='ltr'><strong>civile</strong></span> <span class='ocrx_word' id='word_1_79' title='bbox 1924 903 1971 941; x_wconf 90' lang='lat' dir='ltr'><strong>et</strong></span> 
     </span>
     <span class='ocr_line' id='line_1_10' title="bbox 256 976 1671 1025; baseline -0.001 -4"><span class='ocrx_word' id='word_1_80' title='bbox 256 976 539 1025; x_wconf 86' lang='lat' dir='ltr'><strong>intestinum.</strong></span> <span class='ocrx_word' id='word_1_81' title='bbox 892 1019 894 1022; x_wconf 21' lang='lat'><strong>⁴</strong></span> <span class='ocrx_word' id='word_1_82' title='bbox 1667 1014 1671 1019; x_wconf 80' lang='lat'><strong>.</strong></span> 
     </span>
    </p>

    <p class='ocr_par' dir='ltr' id='par_1_6' title="bbox 252 1046 1979 1493">
     <span class='ocr_line' id='line_1_11' title="bbox 325 1046 1976 1113; baseline -0.003 -17"><span class='ocrx_word' id='word_1_83' title='bbox 325 1049 386 1113; x_wconf 82' lang='lat' dir='ltr'><strong>(v.</strong></span> <span class='ocrx_word' id='word_1_84' title='bbox 417 1048 542 1112; x_wconf 83' lang='grc'>384.)</span> <span class='ocrx_word' id='word_1_85' title='bbox 567 1069 587 1091; x_wconf 86' lang='grc'>«</span> <span class='ocrx_word' id='word_1_86' title='bbox 605 1051 806 1095; x_wconf 88' lang='lat' dir='ltr'><strong>Rectum</strong></span> <span class='ocrx_word' id='word_1_87' title='bbox 828 1057 964 1095; x_wconf 85' lang='lat' dir='ltr'><strong>erat:</strong></span> <span class='ocrx_word' id='word_1_88' title='bbox 1001 1050 1076 1095; x_wconf 83' lang='lat' dir='ltr'><strong>vel</strong></span> <span class='ocrx_word' id='word_1_89' title='bbox 1099 1066 1246 1111; x_wconf 91' lang='lat' dir='ltr'><strong>quum</strong></span> <span class='ocrx_word' id='word_1_90' title='bbox 1278 1051 1349 1095; x_wconf 89' lang='lat' dir='ltr'><strong>sol</strong></span> <span class='ocrx_word' id='word_1_91' title='bbox 1375 1064 1428 1094; x_wconf 91' lang='lat' dir='ltr'><strong>ac</strong></span> <span class='ocrx_word' id='word_1_92' title='bbox 1454 1065 1604 1109; x_wconf 84' lang='lat' dir='ltr'><strong>vapor</strong></span> <span class='ocrx_word' id='word_1_93' title='bbox 1632 1049 1852 1103; x_wconf 88' lang='lat' dir='ltr'><strong>humores</strong></span> <span class='ocrx_word' id='word_1_94' title='bbox 1882 1046 1976 1100; x_wconf 43' lang='lat' dir='ltr'><strong>evis</strong></span> 
     </span>
     <span class='ocr_line' id='line_1_12' title="bbox 256 1123 1971 1187; baseline -0.002 -15"><span class='ocrx_word' id='word_1_95' title='bbox 256 1126 372 1172; x_wconf 89' lang='lat' dir='ltr'><strong>cerit</strong></span> <span class='ocrx_word' id='word_1_96' title='bbox 386 1126 490 1184; x_wconf 80' lang='lat' dir='ltr'><strong>,vel</strong></span> <span class='ocrx_word' id='word_1_97' title='bbox 512 1142 661 1187; x_wconf 91' lang='lat' dir='ltr'><strong>quum</strong></span> <span class='ocrx_word' id='word_1_98' title='bbox 682 1127 902 1172; x_wconf 91' lang='lat' dir='ltr'><strong>humores</strong></span> <span class='ocrx_word' id='word_1_99' title='bbox 916 1127 1063 1172; x_wconf 90' lang='lat' dir='ltr'><strong>solem</strong></span> <span class='ocrx_word' id='word_1_100' title='bbox 1077 1126 1341 1186; x_wconf 86' lang='lat' dir='ltr'><strong>superarint</strong></span> <span class='ocrx_word' id='word_1_101' title='bbox 1364 1127 1692 1186; x_wconf 90' lang='lat' dir='ltr'><strong>coloremque;</strong></span> <span class='ocrx_word' id='word_1_102' title='bbox 1713 1124 1795 1170; x_wconf 91' lang='lat' dir='ltr'><strong>sed</strong></span> <span class='ocrx_word' id='word_1_103' title='bbox 1816 1123 1971 1170; x_wconf 89' lang='lat' dir='ltr'><strong>subito</strong></span> 
     </span>
     <span class='ocr_line' id='line_1_13' title="bbox 255 1201 1979 1263; baseline -0.002 -16"><span class='ocrx_word' id='word_1_104' title='bbox 255 1202 464 1263; x_wconf 81' lang='lat' dir='ltr'><strong>quodam</strong></span> <span class='ocrx_word' id='word_1_105' title='bbox 503 1202 666 1248; x_wconf 72' lang='lat' dir='ltr'><strong>flirore</strong></span> <span class='ocrx_word' id='word_1_106' title='bbox 694 1202 883 1263; x_wconf 90' lang='lat' dir='ltr'><strong>poetico</strong></span> <span class='ocrx_word' id='word_1_107' title='bbox 911 1204 1084 1248; x_wconf 87' lang='lat' dir='ltr'><strong>Noster</strong></span> <span class='ocrx_word' id='word_1_108' title='bbox 1107 1203 1165 1248; x_wconf 89' lang='lat' dir='ltr'><strong>de</strong></span> <span class='ocrx_word' id='word_1_109' title='bbox 1191 1212 1319 1248; x_wconf 87' lang='lat' dir='ltr'><strong>recta</strong></span> <span class='ocrx_word' id='word_1_110' title='bbox 1344 1210 1587 1248; x_wconf 82' lang='lat' dir='ltr'><strong>structurae</strong></span> <span class='ocrx_word' id='word_1_111' title='bbox 1614 1201 1690 1247; x_wconf 86' lang='lat' dir='ltr'><strong>via</strong></span> <span class='ocrx_word' id='word_1_112' title='bbox 1727 1201 1944 1247; x_wconf 86' lang='lat' dir='ltr'><strong>turbatus</strong></span> <span class='ocrx_word' id='word_1_113' title='bbox 1965 1235 1979 1258; x_wconf 88' lang='lat'>,</span> 
     </span>
     <span class='ocr_line' id='line_1_14' title="bbox 252 1275 1973 1341; baseline -0.002 -18"><span class='ocrx_word' id='word_1_114' title='bbox 252 1278 506 1339; x_wconf 86' lang='lat' dir='ltr'><strong>periodum</strong></span> <span class='ocrx_word' id='word_1_115' title='bbox 527 1278 693 1324; x_wconf 86' lang='lat' dir='ltr'><strong>ordine</strong></span> <span class='ocrx_word' id='word_1_116' title='bbox 716 1279 1018 1341; x_wconf 85' lang='lat' dir='ltr'><strong>grammatico</strong></span> <span class='ocrx_word' id='word_1_117' title='bbox 1041 1294 1138 1324; x_wconf 90' lang='lat' dir='ltr'><strong>non</strong></span> <span class='ocrx_word' id='word_1_118' title='bbox 1162 1279 1362 1324; x_wconf 83' lang='lat' dir='ltr'><strong>absolvit</strong></span> <span class='ocrx_word' id='word_1_119' title='bbox 1380 1314 1392 1336; x_wconf 92' lang='lat'>‚</span> <span class='ocrx_word' id='word_1_120' title='bbox 1416 1287 1599 1339; x_wconf 87' lang='lat' dir='ltr'><strong>partem</strong></span> <span class='ocrx_word' id='word_1_121' title='bbox 1623 1280 1813 1323; x_wconf 88' lang='lat' dir='ltr'><strong>alteram</strong></span> <span class='ocrx_word' id='word_1_122' title='bbox 1844 1275 1973 1322; x_wconf 88' lang='lat' dir='ltr'><strong>exci-</strong></span> 
     </span>
     <span class='ocr_line' id='line_1_15' title="bbox 255 1354 1974 1416; baseline -0.002 -16"><span class='ocrx_word' id='word_1_123' title='bbox 255 1354 386 1414; x_wconf 86' lang='lat' dir='ltr'><strong>piens</strong></span> <span class='ocrx_word' id='word_1_124' title='bbox 409 1354 692 1416; x_wconf 83' lang='lat' dir='ltr'><strong>argumenti,</strong></span> <span class='ocrx_word' id='word_1_125' title='bbox 718 1363 949 1415; x_wconf 91' lang='lat' dir='ltr'><strong>quatenus</strong></span> <span class='ocrx_word' id='word_1_126' title='bbox 971 1370 1072 1400; x_wconf 88' lang='lat' dir='ltr'><strong>eam</strong></span> <span class='ocrx_word' id='word_1_127' title='bbox 1095 1370 1203 1401; x_wconf 89' lang='lat' dir='ltr'><strong>sane</strong></span> <span class='ocrx_word' id='word_1_128' title='bbox 1226 1364 1467 1400; x_wconf 86' lang='lat' dir='ltr'><strong>exsecutus</strong></span> <span class='ocrx_word' id='word_1_129' title='bbox 1490 1363 1558 1400; x_wconf 89' lang='lat' dir='ltr'><strong>est</strong></span> <span class='ocrx_word' id='word_1_130' title='bbox 1579 1370 1691 1400; x_wconf 88' lang='lat' dir='ltr'><strong>mox</strong></span> <span class='ocrx_word' id='word_1_131' title='bbox 1713 1355 1774 1399; x_wconf 90' lang='lat' dir='ltr'><strong>ad</strong></span> <span class='ocrx_word' id='word_1_132' title='bbox 1795 1370 1839 1399; x_wconf 86' lang='lat' dir='ltr'><strong>v.</strong></span> <span class='ocrx_word' id='word_1_133' title='bbox 1864 1358 1974 1410; x_wconf 77' lang='lat'><strong>412,</strong></span> 
     </span>
     <span class='ocr_line' id='line_1_16' title="bbox 258 1430 1412 1493; baseline 0 -17"><span class='ocrx_word' id='word_1_134' title='bbox 258 1445 365 1476; x_wconf 90' lang='lat' dir='ltr'><strong>cum</strong></span> <span class='ocrx_word' id='word_1_135' title='bbox 396 1430 486 1476; x_wconf 87' lang='lat' dir='ltr'><strong>alia</strong></span> <span class='ocrx_word' id='word_1_136' title='bbox 509 1431 648 1493; x_wconf 85' lang='lat' dir='ltr'><strong>lo&#39;nge</strong></span> <span class='ocrx_word' id='word_1_137' title='bbox 678 1431 881 1476; x_wconf 88' lang='lat' dir='ltr'><strong>formula</strong></span> <span class='ocrx_word' id='word_1_138' title='bbox 904 1430 1180 1477; x_wconf 87' lang='lat' dir='ltr'><strong>sermonis.»</strong></span> <span class='ocrx_word' id='word_1_139' title='bbox 1210 1434 1412 1478; x_wconf 73' lang='lat' dir='ltr'><strong>WAKEF.</strong></span> 
     </span>
    </p>
   </div>
   <div class='ocr_carea' id='block_1_3' title="bbox 256 1507 1976 1886">
    <p class='ocr_par' dir='ltr' id='par_1_7' title="bbox 321 1507 1763 1580">
     <span class='ocr_line' id='line_1_17' title="bbox 321 1507 1763 1580; baseline -0.001 -18"><span class='ocrx_word' id='word_1_140' title='bbox 321 1518 667 1578; x_wconf 77' lang='lat' dir='ltr'><strong>Exsuperarint</strong></span> <span class='ocrx_word' id='word_1_141' title='bbox 687 1515 749 1580; x_wconf 86' lang='lat' dir='ltr'><strong>(v.</strong></span> <span class='ocrx_word' id='word_1_142' title='bbox 785 1515 918 1578; x_wconf 81' lang='lat'><strong>385).</strong></span> <span class='ocrx_word' id='word_1_143' title='bbox 949 1519 986 1563; x_wconf 92' lang='grc' dir='ltr'><strong>Ι.</strong></span> <span class='ocrx_word' id='word_1_144' title='bbox 1021 1533 1059 1563; x_wconf 88' lang='lat' dir='ltr'><strong>e.</strong></span> <span class='ocrx_word' id='word_1_145' title='bbox 1080 1511 1414 1575; x_wconf 81' lang='lat' dir='ltr'><strong>remanserint,</strong></span> <span class='ocrx_word' id='word_1_146' title='bbox 1438 1507 1763 1577; x_wconf 82' lang='lat' dir='ltr'><strong>superfuerint.</strong></span> 
     </span>
    </p>

    <p class='ocr_par' dir='ltr' id='par_1_8' title="bbox 320 1591 1274 1658">
     <span class='ocr_line' id='line_1_18' title="bbox 320 1591 1274 1658; baseline 0 -19"><span class='ocrx_word' id='word_1_147' title='bbox 320 1594 554 1639; x_wconf 80' lang='lat' dir='ltr'><strong>Diluviare</strong></span> <span class='ocrx_word' id='word_1_148' title='bbox 575 1591 638 1658; x_wconf 84' lang='lat' dir='ltr'><strong>(v.</strong></span> <span class='ocrx_word' id='word_1_149' title='bbox 675 1591 808 1655; x_wconf 85' lang='lat'><strong>388).</strong></span> <span class='ocrx_word' id='word_1_150' title='bbox 840 1594 1033 1639; x_wconf 84' lang='lat' dir='ltr'><strong>Diluvio</strong></span> <span class='ocrx_word' id='word_1_151' title='bbox 1057 1595 1274 1639; x_wconf 88' lang='lat' dir='ltr'><strong>obruere.</strong></span> 
     </span>
    </p>

    <p class='ocr_par' dir='ltr' id='par_1_9' title="bbox 256 1668 1976 1808">
     <span class='ocr_line' id='line_1_19' title="bbox 327 1668 1976 1732; baseline -0.002 -17"><span class='ocrx_word' id='word_1_152' title='bbox 327 1670 481 1728; x_wconf 85' lang='lat' dir='ltr'><strong>Quam</strong></span> <span class='ocrx_word' id='word_1_153' title='bbox 504 1671 654 1732; x_wconf 84' lang='lat' dir='ltr'><strong>liquor</strong></span> <span class='ocrx_word' id='word_1_154' title='bbox 672 1671 879 1731; x_wconf 83' lang='lat' dir='ltr'><strong>incoepti,</strong></span> <span class='ocrx_word' id='word_1_155' title='bbox 916 1680 1002 1715; x_wconf 88' lang='lat' dir='ltr'><strong>etc.</strong></span> <span class='ocrx_word' id='word_1_156' title='bbox 1021 1668 1082 1731; x_wconf 84' lang='lat' dir='ltr'><strong>(v.</strong></span> <span class='ocrx_word' id='word_1_157' title='bbox 1104 1669 1229 1732; x_wconf 83' lang='lat'><strong>392).</strong></span> <span class='ocrx_word' id='word_1_158' title='bbox 1246 1669 1525 1729; x_wconf 90' lang='lat' dir='ltr'><strong>Priusquam</strong></span> <span class='ocrx_word' id='word_1_159' title='bbox 1545 1669 1705 1730; x_wconf 89' lang='lat' dir='ltr'><strong>liquor</strong></span> <span class='ocrx_word' id='word_1_160' title='bbox 1719 1668 1976 1727; x_wconf 87' lang='lat' dir='ltr'><strong>incoeptum</strong></span> 
     </span>
     <span class='ocr_line' id='line_1_20' title="bbox 256 1746 1378 1808; baseline -0.001 -16"><span class='ocrx_word' id='word_1_161' title='bbox 256 1762 394 1792; x_wconf 88' lang='lat' dir='ltr'><strong>suum</strong></span> <span class='ocrx_word' id='word_1_162' title='bbox 417 1746 630 1808; x_wconf 87' lang='lat' dir='ltr'><strong>perficiat</strong></span> <span class='ocrx_word' id='word_1_163' title='bbox 645 1781 658 1804; x_wconf 91' lang='lat'>‚</span> <span class='ocrx_word' id='word_1_164' title='bbox 681 1747 714 1793; x_wconf 76' lang='lat' dir='ltr'><strong>i,</strong></span> <span class='ocrx_word' id='word_1_165' title='bbox 745 1762 784 1791; x_wconf 90' lang='lat' dir='ltr'><strong>e.</strong></span> <span class='ocrx_word' id='word_1_166' title='bbox 810 1746 988 1791; x_wconf 89' lang='lat' dir='ltr'><strong>diluvio</strong></span> <span class='ocrx_word' id='word_1_167' title='bbox 1013 1746 1168 1791; x_wconf 87' lang='lat' dir='ltr'><strong>omnia</strong></span> <span class='ocrx_word' id='word_1_168' title='bbox 1191 1746 1378 1791; x_wconf 86' lang='lat' dir='ltr'><strong>obruat.</strong></span> 
     </span>
    </p>

    <p class='ocr_par' dir='ltr' id='par_1_10' title="bbox 322 1818 1976 1886">
     <span class='ocr_line' id='line_1_21' title="bbox 322 1818 1976 1886; baseline -0.003 -18"><span class='ocrx_word' id='word_1_169' title='bbox 322 1821 383 1884; x_wconf 82' lang='lat' dir='ltr'><strong>(v.</strong></span> <span class='ocrx_word' id='word_1_170' title='bbox 411 1820 539 1886; x_wconf 84' lang='grc'>394.)</span> <span class='ocrx_word' id='word_1_171' title='bbox 561 1821 650 1867; x_wconf 85' lang='lat' dir='ltr'><strong>Hic</strong></span> <span class='ocrx_word' id='word_1_172' title='bbox 670 1838 831 1868; x_wconf 83' lang='lat' dir='ltr'><strong>versus</strong></span> <span class='ocrx_word' id='word_1_173' title='bbox 854 1822 1112 1868; x_wconf 87' lang='lat' dir='ltr'><strong>simillimus</strong></span> <span class='ocrx_word' id='word_1_174' title='bbox 1133 1830 1200 1867; x_wconf 85' lang='lat' dir='ltr'><strong>est</strong></span> <span class='ocrx_word' id='word_1_175' title='bbox 1222 1821 1523 1867; x_wconf 66' lang='lat' dir='ltr'><strong>Enniano‘illi</strong></span> <span class='ocrx_word' id='word_1_176' title='bbox 1537 1818 1609 1885; x_wconf 88' lang='lat' dir='ltr'><strong>(p.</strong></span> <span class='ocrx_word' id='word_1_177' title='bbox 1632 1835 1735 1866; x_wconf 90' lang='lat'><strong>100.</strong></span> <span class='ocrx_word' id='word_1_178' title='bbox 1760 1818 1976 1883; x_wconf 80' lang='lat' dir='ltr'><strong>Hessel):</strong></span> 
     </span>
    </p>
   </div>
   <div class='ocr_carea' id='block_1_4' title="bbox 435 1937 1351 1990">
    <p class='ocr_par' dir='ltr' id='par_1_11' title="bbox 435 1937 1351 1990">
     <span class='ocr_line' id='line_1_22' title="bbox 435 1937 1351 1990; baseline -0.001 -13"><span class='ocrx_word' id='word_1_179' title='bbox 435 1937 542 1977; x_wconf 88' lang='lat' dir='ltr'><strong>Olim</strong></span> <span class='ocrx_word' id='word_1_180' title='bbox 559 1937 773 1984; x_wconf 84' lang='lat' dir='ltr'><strong>cernebant</strong></span> <span class='ocrx_word' id='word_1_181' title='bbox 795 1937 945 1990; x_wconf 82' lang='lat' dir='ltr'><strong>magnis</strong></span> <span class='ocrx_word' id='word_1_182' title='bbox 968 1937 1018 1977; x_wconf 89' lang='lat' dir='ltr'><strong>de</strong></span> <span class='ocrx_word' id='word_1_183' title='bbox 1037 1937 1155 1977; x_wconf 88' lang='lat' dir='ltr'><strong>rebus</strong></span> <span class='ocrx_word' id='word_1_184' title='bbox 1174 1937 1351 1990; x_wconf 80' lang='lat' dir='ltr'><strong>agendis,</strong></span> 
     </span>
    </p>
   </div>
   <div class='ocr_carea' id='block_1_5' title="bbox 257 2047 1982 3338">
    <p class='ocr_par' dir='ltr' id='par_1_12' title="bbox 257 2047 1978 2261">
     <span class='ocr_line' id='line_1_23' title="bbox 259 2047 1978 2109; baseline -0.001 -16"><span class='ocrx_word' id='word_1_185' title='bbox 259 2063 359 2108; x_wconf 88' lang='lat' dir='ltr'><strong>quo</strong></span> <span class='ocrx_word' id='word_1_186' title='bbox 381 2047 517 2093; x_wconf 89' lang='lat' dir='ltr'><strong>simul</strong></span> <span class='ocrx_word' id='word_1_187' title='bbox 547 2047 683 2094; x_wconf 82' lang='lat' dir='ltr'><strong>verbi</strong></span> <span class='ocrx_word' id='word_1_188' title='bbox 715 2047 934 2109; x_wconf 89' lang='lat' dir='ltr'><strong>simplicis</strong></span> <span class='ocrx_word' id='word_1_189' title='bbox 956 2063 1138 2093; x_wconf 85' lang='lat' dir='ltr'><strong>cernere</strong></span> <span class='ocrx_word' id='word_1_190' title='bbox 1171 2063 1260 2108; x_wconf 84' lang='lat' dir='ltr'><strong>pro</strong></span> <span class='ocrx_word' id='word_1_191' title='bbox 1284 2048 1528 2093; x_wconf 82' lang='lat' dir='ltr'><strong>decernere</strong></span> <span class='ocrx_word' id='word_1_192' title='bbox 1549 2063 1661 2093; x_wconf 90' lang='lat' dir='ltr'><strong>usus</strong></span> <span class='ocrx_word' id='word_1_193' title='bbox 1691 2047 1978 2108; x_wconf 88' lang='lat' dir='ltr'><strong>comproha-</strong></span> 
     </span>
     <span class='ocr_line' id='line_1_24' title="bbox 258 2122 1978 2186; baseline 0 -18"><span class='ocrx_word' id='word_1_194' title='bbox 258 2132 350 2170; x_wconf 90' lang='lat' dir='ltr'><strong>tur.</strong></span> <span class='ocrx_word' id='word_1_195' title='bbox 376 2123 485 2170; x_wconf 86' lang='lat' dir='ltr'><strong>Vid.</strong></span> <span class='ocrx_word' id='word_1_196' title='bbox 509 2123 647 2170; x_wconf 84' lang='lat' dir='ltr'><strong>etiam</strong></span> <span class='ocrx_word' id='word_1_197' title='bbox 668 2122 892 2170; x_wconf 69' lang='lat' dir='ltr'><strong>Sss‘nvmm</strong></span> <span class='ocrx_word' id='word_1_198' title='bbox 915 2134 963 2171; x_wconf 92' lang='lat' dir='ltr'><strong>et</strong></span> <span class='ocrx_word' id='word_1_199' title='bbox 984 2127 1236 2170; x_wconf 67' lang='lat' dir='ltr'><strong>Hmnsmm</strong></span> <span class='ocrx_word' id='word_1_200' title='bbox 1265 2124 1326 2169; x_wconf 89' lang='lat' dir='ltr'><strong>ad</strong></span> <span class='ocrx_word' id='word_1_201' title='bbox 1351 2124 1501 2186; x_wconf 86' lang='lat' dir='ltr'><strong>Virg.,</strong></span> <span class='ocrx_word' id='word_1_202' title='bbox 1518 2126 1719 2180; x_wconf 82' lang='lat' dir='ltr'><strong>AEneid.,</strong></span> <span class='ocrx_word' id='word_1_203' title='bbox 1736 2140 1835 2182; x_wconf 85' lang='lat' dir='ltr'><strong>xn,</strong></span> <span class='ocrx_word' id='word_1_204' title='bbox 1859 2139 1978 2184; x_wconf 83' lang='lat'><strong>709,</strong></span> 
     </span>
     <span class='ocr_line' id='line_1_25' title="bbox 257 2199 1508 2261; baseline 0 -17"><span class='ocrx_word' id='word_1_205' title='bbox 257 2200 538 2246; x_wconf 73' lang='lat' dir='ltr'><strong>‹et-Nonum</strong></span> <span class='ocrx_word' id='word_1_206' title='bbox 566 2214 631 2257; x_wconf 77' lang='lat' dir='ltr'><strong>zv,</strong></span> <span class='ocrx_word' id='word_1_207' title='bbox 655 2199 734 2261; x_wconf 86' lang='lat'><strong>69.</strong></span> <span class='ocrx_word' id='word_1_208' title='bbox 1505 2255 1508 2257; x_wconf 32' lang='grc'><strong>,</strong></span> 
     </span>
    </p>

    <p class='ocr_par' dir='ltr' id='par_1_13' title="bbox 259 2275 1977 2414">
     <span class='ocr_line' id='line_1_26' title="bbox 324 2275 1977 2340; baseline 0.001 -18"><span class='ocrx_word' id='word_1_209' title='bbox 324 2277 531 2322; x_wconf 79' lang='lat' dir='ltr'><strong>Ambens</strong></span> <span class='ocrx_word' id='word_1_210' title='bbox 548 2282 550 2284; x_wconf 73' lang='grc'><strong><em>’</em></strong></span> <span class='ocrx_word' id='word_1_211' title='bbox 567 2275 627 2339; x_wconf 80' lang='lat' dir='ltr'><strong>(v.</strong></span> <span class='ocrx_word' id='word_1_212' title='bbox 665 2275 802 2340; x_wconf 87' lang='lat'><strong>397).</strong></span> <span class='ocrx_word' id='word_1_213' title='bbox 826 2278 919 2322; x_wconf 91' lang='lat' dir='ltr'><strong>Pro</strong></span> <span class='ocrx_word' id='word_1_214' title='bbox 964 2277 1215 2322; x_wconf 81' lang='lat' dir='ltr'><strong>ambedens</strong></span> <span class='ocrx_word' id='word_1_215' title='bbox 1225 2311 1243 2333; x_wconf 88' lang='lat'><em>,</em></span> <span class='ocrx_word' id='word_1_216' title='bbox 1282 2285 1337 2321; x_wconf 91' lang='lat' dir='ltr'><strong>ut</strong></span> <span class='ocrx_word' id='word_1_217' title='bbox 1360 2277 1572 2322; x_wconf 81' lang='lat' dir='ltr'><strong>ambesse</strong></span> <span class='ocrx_word' id='word_1_218' title='bbox 1605 2293 1696 2338; x_wconf 89' lang='lat' dir='ltr'><strong>pro</strong></span> <span class='ocrx_word' id='word_1_219' title='bbox 1720 2278 1977 2323; x_wconf 83' lang='lat' dir='ltr'><strong>ambedere.</strong></span> 
     </span>
     <span class='ocr_line' id='line_1_27' title="bbox 259 2353 1455 2414; baseline -0.002 -13"><span class='ocrx_word' id='word_1_220' title='bbox 259 2356 364 2401; x_wconf 86' lang='lat' dir='ltr'><strong>Hoc</strong></span> <span class='ocrx_word' id='word_1_221' title='bbox 385 2353 685 2414; x_wconf 86' lang='lat' dir='ltr'><strong>participium</strong></span> <span class='ocrx_word' id='word_1_222' title='bbox 714 2353 826 2399; x_wconf 90' lang='lat' dir='ltr'><strong>alibi</strong></span> <span class='ocrx_word' id='word_1_223' title='bbox 846 2369 949 2398; x_wconf 91' lang='grc'><strong>11011</strong></span> <span class='ocrx_word' id='word_1_224' title='bbox 975 2353 1165 2399; x_wconf 77' lang='lat' dir='ltr'><strong>videtur</strong></span> <span class='ocrx_word' id='word_1_225' title='bbox 1194 2369 1455 2399; x_wconf 90' lang='lat' dir='ltr'><strong>occurrere.</strong></span> 
     </span>
    </p>

    <p class='ocr_par' dir='ltr' id='par_1_14' title="bbox 262 2427 1978 2632">
     <span class='ocr_line' id='line_1_28' title="bbox 325 2427 1978 2495; baseline -0.002 -18"><span class='ocrx_word' id='word_1_226' title='bbox 325 2435 372 2477; x_wconf 82' lang='lat' dir='ltr'><em>A</em></span> <span class='ocrx_word' id='word_1_227' title='bbox 390 2447 507 2477; x_wconf 79' lang='lat' dir='ltr'><strong>vera</strong></span> <span class='ocrx_word' id='word_1_228' title='bbox 520 2440 590 2477; x_wconf 81' lang='lat' dir='ltr'><strong>est</strong></span> <span class='ocrx_word' id='word_1_229' title='bbox 611 2433 763 2477; x_wconf 83' lang='lat' dir='ltr'><strong>animi</strong></span> <span class='ocrx_word' id='word_1_230' title='bbox 780 2429 842 2495; x_wconf 85' lang='lat' dir='ltr'><strong>(v.</strong></span> <span class='ocrx_word' id='word_1_231' title='bbox 862 2430 992 2494; x_wconf 87' lang='grc'>407).</span> <span class='ocrx_word' id='word_1_232' title='bbox 1018 2431 1094 2477; x_wconf 92' lang='lat' dir='ltr'><strong>Sic</strong></span> <span class='ocrx_word' id='word_1_233' title='bbox 1108 2433 1253 2493; x_wconf 86' lang='lat' dir='ltr'><strong>vulgo</strong></span> <span class='ocrx_word' id='word_1_234' title='bbox 1267 2431 1437 2477; x_wconf 86' lang='lat' dir='ltr'><strong>editur.</strong></span> <span class='ocrx_word' id='word_1_235' title='bbox 1461 2427 1779 2476; x_wconf 87' lang='lat' dir='ltr'><strong>Wakefieldus</strong></span> <span class='ocrx_word' id='word_1_236' title='bbox 1801 2437 1978 2487; x_wconf 86' lang='lat' dir='ltr'><strong>autem,</strong></span> 
     </span>
     <span class='ocr_line' id='line_1_29' title="bbox 263 2505 1977 2571; baseline -0.003 -16"><span class='ocrx_word' id='word_1_237' title='bbox 263 2506 610 2569; x_wconf 81' lang='lat' dir='ltr'><strong>antiquioribus</strong></span> <span class='ocrx_word' id='word_1_238' title='bbox 635 2508 916 2571; x_wconf 87' lang='lat' dir='ltr'><strong>quibusdam</strong></span> <span class='ocrx_word' id='word_1_239' title='bbox 941 2508 1072 2554; x_wconf 75' lang='lat' dir='ltr'><strong>editt.</strong></span> <span class='ocrx_word' id='word_1_240' title='bbox 1100 2517 1147 2554; x_wconf 90' lang='lat' dir='ltr'><strong>et</strong></span> <span class='ocrx_word' id='word_1_241' title='bbox 1178 2507 1403 2554; x_wconf 88' lang='lat' dir='ltr'><strong>Creechio</strong></span> <span class='ocrx_word' id='word_1_242' title='bbox 1425 2506 1764 2567; x_wconf 79' lang='lat' dir='ltr'><strong>praeeuntibus,</strong></span> <span class='ocrx_word' id='word_1_243' title='bbox 1790 2505 1939 2552; x_wconf 87' lang='lat' dir='ltr'><strong>edidit</strong></span> <span class='ocrx_word' id='word_1_244' title='bbox 1967 2523 1977 2550; x_wconf 75' lang='grc' dir='ltr'>ε</span> 
     </span>
     <span class='ocr_line' id='line_1_30' title="bbox 262 2587 708 2632; baseline 0.002 -2"><span class='ocrx_word' id='word_1_245' title='bbox 262 2602 295 2630; x_wconf 87' lang='grc' dir='ltr'><em>α</em></span> <span class='ocrx_word' id='word_1_246' title='bbox 323 2602 439 2632; x_wconf 79' lang='lat' dir='ltr'><strong>vera</strong></span> <span class='ocrx_word' id='word_1_247' title='bbox 463 2587 601 2631; x_wconf 81' lang='lat' dir='ltr'><strong>nimis</strong></span> <span class='ocrx_word' id='word_1_248' title='bbox 624 2597 708 2632; x_wconf 85' lang='lat' dir='ltr'><strong>est.</strong></span> 
     </span>
    </p>

    <p class='ocr_par' dir='ltr' id='par_1_15' title="bbox 264 2657 1980 2954">
     <span class='ocr_line' id='line_1_31' title="bbox 328 2657 1980 2727; baseline -0.002 -19"><span class='ocrx_word' id='word_1_249' title='bbox 328 2666 390 2725; x_wconf 75' lang='lat' dir='ltr'><strong>(v.</strong></span> <span class='ocrx_word' id='word_1_250' title='bbox 409 2662 536 2727; x_wconf 84' lang='grc'>408.)</span> <span class='ocrx_word' id='word_1_251' title='bbox 559 2664 680 2710; x_wconf 90' lang='lat' dir='ltr'><strong>Nam</strong></span> <span class='ocrx_word' id='word_1_252' title='bbox 694 2662 813 2726; x_wconf 86' lang='lat' dir='ltr'><strong>ignis</strong></span> <span class='ocrx_word' id='word_1_253' title='bbox 827 2678 1048 2724; x_wconf 90' lang='lat' dir='ltr'><strong>superare</strong></span> <span class='ocrx_word' id='word_1_254' title='bbox 1061 2671 1242 2723; x_wconf 86' lang='lat' dir='ltr'><strong>potest,</strong></span> <span class='ocrx_word' id='word_1_255' title='bbox 1266 2662 1458 2723; x_wconf 86' lang='lat' dir='ltr'><strong>quando</strong></span> <span class='ocrx_word' id='word_1_256' title='bbox 1481 2670 1588 2707; x_wconf 90' lang='lat' dir='ltr'><strong>sunt</strong></span> <span class='ocrx_word' id='word_1_257' title='bbox 1609 2660 1811 2721; x_wconf 87' lang='lat' dir='ltr'><strong>plurima</strong></span> <span class='ocrx_word' id='word_1_258' title='bbox 1834 2657 1980 2723; x_wconf 83' lang='lat' dir='ltr'><strong>igneae</strong></span> 
     </span>
     <span class='ocr_line' id='line_1_32' title="bbox 264 2738 1977 2800; baseline -0.001 -17"><span class='ocrx_word' id='word_1_259' title='bbox 264 2738 466 2789; x_wconf 74' lang='lat' dir='ltr'><strong>materiae</strong></span> <span class='ocrx_word' id='word_1_260' title='bbox 488 2742 766 2800; x_wconf 89' lang='lat' dir='ltr'><strong>corpuscula</strong></span> <span class='ocrx_word' id='word_1_261' title='bbox 789 2756 848 2786; x_wconf 87' lang='lat' dir='ltr'><strong>ex</strong></span> <span class='ocrx_word' id='word_1_262' title='bbox 869 2738 1054 2785; x_wconf 87' lang='lat' dir='ltr'><strong>infinito</strong></span> <span class='ocrx_word' id='word_1_263' title='bbox 1075 2740 1126 2784; x_wconf 90' lang='lat' dir='ltr'><strong>in</strong></span> <span class='ocrx_word' id='word_1_264' title='bbox 1153 2741 1280 2785; x_wconf 91' lang='lat' dir='ltr'><strong>hunc</strong></span> <span class='ocrx_word' id='word_1_265' title='bbox 1300 2739 1531 2785; x_wconf 88' lang='lat' dir='ltr'><strong>mundum</strong></span> <span class='ocrx_word' id='word_1_266' title='bbox 1555 2738 1730 2796; x_wconf 85' lang='lat' dir='ltr'><strong>delata3</strong></span> <span class='ocrx_word' id='word_1_267' title='bbox 1755 2746 1856 2781; x_wconf 87' lang='lat' dir='ltr'><strong>tum</strong></span> <span class='ocrx_word' id='word_1_268' title='bbox 1889 2752 1977 2781; x_wconf 91' lang='lat' dir='ltr'><strong>au-</strong></span> 
     </span>
     <span class='ocr_line' id='line_1_33' title="bbox 265 2814 1980 2878; baseline -0.002 -17"><span class='ocrx_word' id='word_1_269' title='bbox 265 2825 360 2862; x_wconf 90' lang='lat' dir='ltr'><strong>tem</strong></span> <span class='ocrx_word' id='word_1_270' title='bbox 382 2814 726 2862; x_wconf 77' lang='lat' dir='ltr'><strong>illiusmateriae</strong></span> <span class='ocrx_word' id='word_1_271' title='bbox 747 2817 870 2863; x_wconf 84' lang='lat' dir='ltr'><strong>vires</strong></span> <span class='ocrx_word' id='word_1_272' title='bbox 900 2817 1056 2878; x_wconf 91' lang='lat' dir='ltr'><strong>aliqua</strong></span> <span class='ocrx_word' id='word_1_273' title='bbox 1078 2816 1261 2862; x_wconf 87' lang='lat' dir='ltr'><strong>ratione</strong></span> <span class='ocrx_word' id='word_1_274' title='bbox 1278 2830 1498 2876; x_wconf 82' lang='lat' dir='ltr'><strong>repressae</strong></span> <span class='ocrx_word' id='word_1_275' title='bbox 1522 2814 1757 2861; x_wconf 88' lang='lat' dir='ltr'><strong>debilitari</strong></span> <span class='ocrx_word' id='word_1_276' title='bbox 1780 2814 1954 2861; x_wconf 90' lang='lat' dir='ltr'><strong>debent</strong></span> <span class='ocrx_word' id='word_1_277' title='bbox 1967 2849 1980 2871; x_wconf 91' lang='lat'><strong>,</strong></span> 
     </span>
     <span class='ocr_line' id='line_1_34' title="bbox 265 2890 1303 2954; baseline -0.002 -16"><span class='ocrx_word' id='word_1_278' title='bbox 265 2900 345 2938; x_wconf 83' lang='lat' dir='ltr'><strong>aut</strong></span> <span class='ocrx_word' id='word_1_279' title='bbox 366 2890 513 2937; x_wconf 83' lang='lat' dir='ltr'><strong>nimio</strong></span> <span class='ocrx_word' id='word_1_280' title='bbox 542 2893 695 2939; x_wconf 89' lang='lat' dir='ltr'><strong>calore</strong></span> <span class='ocrx_word' id='word_1_281' title='bbox 717 2909 792 2940; x_wconf 91' lang='lat' dir='ltr'><strong>res</strong></span> <span class='ocrx_word' id='word_1_282' title='bbox 811 2903 1009 2954; x_wconf 90' lang='lat' dir='ltr'><strong>perustae</strong></span> <span class='ocrx_word' id='word_1_283' title='bbox 1030 2892 1303 2939; x_wconf 90' lang='lat' dir='ltr'><strong>interibunt.</strong></span> 
     </span>
    </p>

    <p class='ocr_par' dir='ltr' id='par_1_16' title="bbox 261 2965 1982 3338">
     <span class='ocr_line' id='line_1_35' title="bbox 331 2965 1981 3030; baseline -0.001 -17"><span class='ocrx_word' id='word_1_284' title='bbox 331 2970 507 3014; x_wconf 78' lang='lat' dir='ltr'><strong>Versus</strong></span> <span class='ocrx_word' id='word_1_285' title='bbox 530 2972 623 3021; x_wconf 77' lang='lat'><strong>420</strong></span> <span class='ocrx_word' id='word_1_286' title='bbox 639 2984 743 3030; x_wconf 88' lang='lat' dir='ltr'><strong>sqq.</strong></span> <span class='ocrx_word' id='word_1_287' title='bbox 768 2970 933 3016; x_wconf 86' lang='lat' dir='ltr'><strong>leviter</strong></span> <span class='ocrx_word' id='word_1_288' title='bbox 953 2969 1156 3015; x_wconf 87' lang='lat' dir='ltr'><strong>variatos</strong></span> <span class='ocrx_word' id='word_1_289' title='bbox 1176 2969 1272 3029; x_wconf 83' lang='lat' dir='ltr'><strong>jam</strong></span> <span class='ocrx_word' id='word_1_290' title='bbox 1297 2968 1491 3030; x_wconf 88' lang='lat' dir='ltr'><strong>legimus</strong></span> <span class='ocrx_word' id='word_1_291' title='bbox 1507 2984 1547 3025; x_wconf 91' lang='lat'><strong>1,</strong></span> <span class='ocrx_word' id='word_1_292' title='bbox 1571 2982 1691 3012; x_wconf 82' lang='lat'>1020</span> <span class='ocrx_word' id='word_1_293' title='bbox 1718 2982 1847 3026; x_wconf 62' lang='lat' dir='ltr'><strong>sqq„</strong></span> <span class='ocrx_word' id='word_1_294' title='bbox 1863 2965 1981 3011; x_wconf 89' lang='lat' dir='ltr'><strong>sicut</strong></span> 
     </span>
     <span class='ocr_line' id='line_1_36' title="bbox 261 3043 1978 3108; baseline -0.001 -18"><span class='ocrx_word' id='word_1_295' title='bbox 261 3061 342 3090; x_wconf 77' lang='lat' dir='ltr'><strong>w.</strong></span> <span class='ocrx_word' id='word_1_296' title='bbox 371 3044 590 3103; x_wconf 78' lang='lat'><strong>423-427</strong></span> <span class='ocrx_word' id='word_1_297' title='bbox 618 3060 759 3106; x_wconf 80' lang='lat' dir='ltr'><strong>supra</strong></span> <span class='ocrx_word' id='word_1_298' title='bbox 779 3047 920 3106; x_wconf 87' lang='lat' dir='ltr'><strong>hujus</strong></span> <span class='ocrx_word' id='word_1_299' title='bbox 941 3048 1086 3108; x_wconf 89' lang='lat' dir='ltr'><strong>ipsius</strong></span> <span class='ocrx_word' id='word_1_300' title='bbox 1113 3047 1222 3093; x_wconf 77' lang='lat' dir='ltr'><strong>libri</strong></span> <span class='ocrx_word' id='word_1_301' title='bbox 1244 3063 1288 3091; x_wconf 84' lang='lat' dir='ltr'><strong>v.</strong></span> <span class='ocrx_word' id='word_1_302' title='bbox 1324 3046 1414 3091; x_wconf 88' lang='lat'><strong>188</strong></span> <span class='ocrx_word' id='word_1_303' title='bbox 1439 3062 1541 3107; x_wconf 90' lang='lat' dir='ltr'><strong>sqq.</strong></span> <span class='ocrx_word' id='word_1_304' title='bbox 1557 3079 1570 3103; x_wconf 94' lang='lat'><strong><em>,</em></strong></span> <span class='ocrx_word' id='word_1_305' title='bbox 1595 3053 1640 3090; x_wconf 90' lang='lat' dir='ltr'><strong>et</strong></span> <span class='ocrx_word' id='word_1_306' title='bbox 1660 3060 1734 3089; x_wconf 84' lang='lat' dir='ltr'><strong>vv.</strong></span> <span class='ocrx_word' id='word_1_307' title='bbox 1763 3043 1978 3099; x_wconf 79' lang='lat'>430—432</span> 
     </span>
     <span class='ocr_line' id='line_1_37' title="bbox 265 3121 1980 3185; baseline -0.001 -18"><span class='ocrx_word' id='word_1_308' title='bbox 265 3122 361 3182; x_wconf 83' lang='lat' dir='ltr'><strong>jam</strong></span> <span class='ocrx_word' id='word_1_309' title='bbox 391 3137 462 3178; x_wconf 91' lang='lat'><strong>11,</strong></span> <span class='ocrx_word' id='word_1_310' title='bbox 505 3121 784 3167; x_wconf 85' lang='lat'>1060-1062</span> <span class='ocrx_word' id='word_1_311' title='bbox 819 3124 1070 3169; x_wconf 82' lang='lat' dir='ltr'><strong>adfuerunt</strong></span> <span class='ocrx_word' id='word_1_312' title='bbox 1079 3142 1092 3183; x_wconf 91' lang='lat'>;</span> <span class='ocrx_word' id='word_1_313' title='bbox 1119 3141 1222 3185; x_wconf 90' lang='lat' dir='ltr'><strong>quae</strong></span> <span class='ocrx_word' id='word_1_314' title='bbox 1243 3122 1572 3183; x_wconf 82' lang='lat' dir='ltr'><strong>repetitiones,</strong></span> <span class='ocrx_word' id='word_1_315' title='bbox 1596 3138 1702 3167; x_wconf 90' lang='lat' dir='ltr'><strong>cum</strong></span> <span class='ocrx_word' id='word_1_316' title='bbox 1731 3121 1829 3166; x_wconf 86' lang='lat' dir='ltr'><strong>aliis</strong></span> <span class='ocrx_word' id='word_1_317' title='bbox 1853 3136 1980 3182; x_wconf 88' lang='lat' dir='ltr'><strong>quo-</strong></span> 
     </span>
     <span class='ocr_line' id='line_1_38' title="bbox 269 3197 1982 3260; baseline 0 -17"><span class='ocrx_word' id='word_1_318' title='bbox 269 3213 364 3259; x_wconf 85' lang='lat' dir='ltr'><strong>que</strong></span> <span class='ocrx_word' id='word_1_319' title='bbox 386 3197 535 3243; x_wconf 86' lang='lat' dir='ltr'><strong>causis</strong></span> <span class='ocrx_word' id='word_1_320' title='bbox 567 3198 852 3259; x_wconf 74' lang='lat' dir='ltr'><strong>conjunctae,</strong></span> <span class='ocrx_word' id='word_1_321' title='bbox 881 3201 1006 3247; x_wconf 91' lang='lat' dir='ltr'><strong>hunc</strong></span> <span class='ocrx_word' id='word_1_322' title='bbox 1041 3203 1197 3247; x_wconf 89' lang='lat' dir='ltr'><strong>locum</strong></span> <span class='ocrx_word' id='word_1_323' title='bbox 1218 3199 1355 3246; x_wconf 84' lang='lat' dir='ltr'><strong>valde</strong></span> <span class='ocrx_word' id='word_1_324' title='bbox 1383 3208 1661 3260; x_wconf 81' lang='lat' dir='ltr'><strong>suspectum·</strong></span> <span class='ocrx_word' id='word_1_325' title='bbox 1675 3198 1874 3244; x_wconf 88' lang='lat' dir='ltr'><strong>reddere</strong></span> <span class='ocrx_word' id='word_1_326' title='bbox 1904 3197 1982 3243; x_wconf 71' lang='lat' dir='ltr'><strong>vi-</strong></span> 
     </span>
     <span class='ocr_line' id='line_1_39' title="bbox 270 3270 1772 3338; baseline -0.001 -18"><span class='ocrx_word' id='word_1_327' title='bbox 270 3275 455 3322; x_wconf 84' lang='lat' dir='ltr'><strong>dentur.</strong></span> <span class='ocrx_word' id='word_1_328' title='bbox 480 3274 575 3338; x_wconf 87' lang='lat' dir='ltr'><strong>(Cf.</strong></span> <span class='ocrx_word' id='word_1_329' title='bbox 611 3277 811 3322; x_wconf 67' lang='lat' dir='ltr'><strong>Formo.</strong></span> <span class='ocrx_word' id='word_1_330' title='bbox 829 3311 842 3335; x_wconf 86' lang='lat'><strong><em>,</em></strong></span> <span class='ocrx_word' id='word_1_331' title='bbox 877 3279 1067 3322; x_wconf 83' lang='lat' dir='ltr'><strong>Dissert.</strong></span> <span class='ocrx_word' id='word_1_332' title='bbox 1102 3278 1162 3323; x_wconf 88' lang='lat' dir='ltr'><strong>de</strong></span> <span class='ocrx_word' id='word_1_333' title='bbox 1191 3277 1426 3332; x_wconf 83' lang='lat' dir='ltr'><strong>Lucretio,</strong></span> <span class='ocrx_word' id='word_1_334' title='bbox 1451 3291 1498 3336; x_wconf 88' lang='lat' dir='ltr'><strong>p.</strong></span> <span class='ocrx_word' id='word_1_335' title='bbox 1535 3274 1593 3321; x_wconf 87' lang='lat'><strong>50</strong></span> <span class='ocrx_word' id='word_1_336' title='bbox 1610 3309 1623 3334; x_wconf 93' lang='lat'>,</span> <span class='ocrx_word' id='word_1_337' title='bbox 1647 3270 1772 3338; x_wconf 88' lang='lat' dir='ltr'><strong>sqq.)</strong></span> 
     </span>
    </p>
   </div>
  </div>
 </body>
</html>
