2320 3866
473 220 562 273 246
1043 218 1095 262 T.
1134 216 1427 263 LUCRETII
1463 217 1601 262 CARI
1955 219 2006 271 (v.
2028 223 2165 275 1073.)

470 328 712 400 Corpore
741 340 865 378 eum
894 318 1055 391 lanae,
1087 321 1268 376 dirimi
1299 322 1391 396 qui
1417 341 1529 376 non
1557 331 1721 396 queat
1754 341 2012 397 usquam,

468 426 593 480 Non
625 423 669 478 si
702 420 943 497 Neptuni
978 419 1150 475 fluctu
1183 440 1446 476 renovare
1481 441 1701 496 operam
1737 420 1828 476 des
1848 465 1863 492 ‚

468 524 596 580 Non
628 541 775 576 mare
808 521 852 575 si
880 532 1058 577 totum
1093 519 1222 575 velit
1249 518 1426 576 eluere
1455 520 1708 586 omnibus
1742 518 1917 576 undis.

466 622 720 698 Denique
747 642 831 677 res
862 640 996 676 auro
1029 631 1318 696 argentum
1350 618 1673 697 concopulat
1701 640 1836 691 una,

466 722 686 797 AErique
718 741 787 776 aes
821 720 1047 797 plumbo
1077 719 1141 774 fit
1168 720 1248 775 uti
1274 719 1540 796 jungatur
1572 720 1639 776 ab
1672 718 1812 775 albo,

466 822 673 876 Caetera
696 821 810 896 jam
839 840 1003 895 quam
1032 817 1204 874 multa
1238 817 1365 874 licet
1396 818 1674 896 reperire?
1707 818 1839 895 quid
1866 818 2033 896 ergo?

464 921 583 976 Nec
612 919 711 974 tibi
745 931 854 975 tam
886 917 1062 995 longis
1089 907 1226 995 opus
1259 930 1340 973 est
1368 918 1688 995 ambagibus
1722 938 1975 995 usquam,

463 1018 578 1074 Nec
609 1038 696 1072 me
728 1030 840 1072 tam
871 1016 1103 1072 multam
1132 1017 1220 1071 hic
1250 1037 1474 1092 operam
1512 1037 1833 1073 consumere
1864 1039 1964 1095 par
1993 1031 2104 1089 est3

464 1115 569 1171 Sed
594 1116 831 1171 breviter
853 1116 1039 1191 paucis
1065 1126 1234 1170 restat
1256 1115 1645 1191 comprendere
1671 1116 1860 1175 multa.

461 1216 714 1287 Quorum
748 1214 825 1268 ita
858 1225 1085 1269 texturae
1119 1212 1434 1270 ceciderunt
1464 1226 1658 1269 mutua
1690 1228 1904 1288 contra,

460 1314 537 1368 Ut
572 1332 704 1369 cava
737 1312 1062 1370 conveniant
1096 1310 1300 1388 pleniS,
1331 1312 1445 1369 haec
1475 1310 1649 1385 illius,
1679 1312 1772 1369 illa

460 1411 774 1488 Hujusque;
809 1412 951 1467 inter
980 1432 1036 1467 se
1062 1412 1322 1487 junctura
1352 1411 1554 1467 horum
1581 1413 1790 1489 optima
1820 1426 2049 1470 constat.

458 1514 558 1567 Est
592 1513 783 1583 etiam,
811 1512 966 1588 quasi
999 1523 1061 1566 ut
1090 1509 1318 1568 annellis
1346 1511 1629 1588 hamisque
1656 1511 1856 1589 plicata

458 1613 608 1666 Inter
636 1632 691 1666 se
711 1609 973 1687 *quaedam
1006 1611 1217 1687 possint
1244 1609 1459 1687 coplata
1490 1613 1662 1667 teneri
1695 1632 1709 1666 :

458 1709 626 1781 Quod
656 1711 825 1787 magis
854 1711 912 1766 in
943 1708 1123 1787 lapide
1151 1711 1256 1766 hoc
1286 1709 1402 1766 fieri
1437 1709 1691 1788 ferroque
1725 1711 1956 1767 videtur.

536 1812 726 1881 Nunc,
757 1811 899 1865 ratio
928 1830 1047 1887 quae
1075 1810 1144 1865 sit
1173 1809 1407 1881 morbiS‚
1437 1821 1533 1865 aut
1562 1810 1709 1866 unde
1742 1822 1963 1887 repente

455 1907 797 1964 Mortiferam
831 1909 1002 1986 possit
1034 1907 1244 1964 cladem
1279 1908 1519 1964 conflare
1547 1921 1733 1965 coorta

454 2006 713 2062 Morbida
744 2009 826 2062 vis
858 2007 1144 2065 hominum
1175 2008 1385 2084 generi,
1418 2007 1797 2084 pecudumque
1826 2010 2053 2065 catervis
2072 2052 2086 2081 ‚

452 2105 769 2181 Expediam.
805 2106 1053 2161 Primum
1082 2103 1382 2160 multarum
1414 2107 1622 2161 semina
1652 2127 1839 2162 rerum

451 2205 582 2260 Esse
613 2223 779 2279 supra
809 2202 998 2274 docui,
1028 2222 1147 2278 quae
1182 2204 1292 2258 sint
1318 2201 1504 2259 vitalia
1534 2205 1721 2278 nobis;

451 2305 526 2357 Et
556 2313 773 2370 contra,
806 2321 926 2377 quae
957 2302 1067 2356 sint
1098 2302 1292 2358 morbo
1325 2304 1627 2379 mortique,
1654 2325 1870 2361 necesse
1901 2319 1981 2362 est

451 2399 630 2455 Multa
657 2400 841 2473 volare
876 2421 888 2454 :
929 2420 992 2454 ea
1022 2414 1194 2476 quum
1223 2416 1352 2457 casu
1386 2385 1515 2459 εὐιιῑ
1544 2402 1684 2460 forte
1711 2418 1897 2461 coorta
1919 2449 1932 2476 ‚

451 2501 524 2555 Et
553 2498 944 2575 perturbarunt
969 2496 1191 2571 coelum,
1218 2499 1282 2554 fit
1308 2501 1592 2557 morbidus
1620 2523 1712 2559 aer
1737 2525 1749 2558 :

451 2602 630 2674 Atque
656 2618 718 2653 ea
747 2598 827 2653 vis
855 2599 1031 2652 omnis
1057 2598 1375 2654 morborum
1403 2600 1798 2678 pestilitasque,

450 2700 563 2754 Aut
592 2684 949 2767 extrinsecuS,
981 2709 1044 2752 ut
1072 2697 1244 2753 nubes
1278 2698 1600 2776 nebulaeque
1632 2722 1865 2778 superne

449 2799 554 2851 Per
587 2795 785 2852 coelum
811 2797 1065 2869 veniunt,
1093 2809 1189 2852 aut
1222 2798 1338 2874 ipsa
1368 2818 1506 2875 saepe
1536 2811 1724 2855 coorta

448 2898 534 2952 De
564 2908 709 2952 terra
743 2908 1001 2974 surgunt,
1022 2896 1124 2952 ‘ubi
1154 2909 1436 2973 putrorem
1464 2899 1686 2955 humida
1721 2912 1877 2956 nacta
1905 2914 2018 2974 est,

447 2997 846 3072 Intempestivis
880 2995 1188 3074 pluviisque
1216 3009 1276 3052 ¹et
1304 2996 1513 3054 solibus
1545 3000 1668 3055 icta.

528 3097 728 3152 Nonne
757 3095 908 3151 vides
940 3098 1105 3152 etiam
1134 3094 1255 3153 coeli
1285 3098 1527 3154 novitate
1555 3111 1610 3155 et
1639 3120 1905 3176 aquarum

449 3196 698 3266 Tentari‚
727 3195 921 3272 procul
948 3217 977 3252 a
1011 3198 1189 3274 patria
1219 3196 1530 3275 quicunque
1558 3199 1830 3277 domoque
