2320 3866
818 311 885 355 IN
918 309 1301 356 LUCRETIUM.
1826 310 1916 355 265

210 410 280 457 bii
308 426 397 472 per
423 409 704 469 adjectivum
733 421 849 452 cum·
869 403 1202 465 praepositione
1229 407 1289 450 de
1310 403 1487 465 placuit
1507 407 1672 449 nostro
1689 403 1827 449 etiam
1857 423 1919 463 11,

214 486 307 533 265
336 485 355 550 (
368 486 455 532 uhi
467 485 564 531 vid.
586 479 748 546 WAx.)
762 517 775 540 ,
798 489 845 526 et
866 497 954 538 111,
979 481 1074 536 643
1100 478 1396 545 (desubito),
1420 480 1819 541 quemadmodum
1842 483 1918 527 alii

153 603 158 608 .
212 565 434 610 dixerunt
460 564 522 607 de
545 569 758 623 repente,
789 559 850 603 de
879 560 1153 620 improviso,
1183 560 1243 603 de
1242 558 1394 617 facili
1404 591 1421 613 ‚
1454 566 1542 603 etc.
1560 578 1580 600 »
1607 559 1755 604 Fonn.

277 642 353 685 De
367 638 577 698 sontibu'
601 635 796 696 magnzk'
817 632 889 698 (v.
924 633 1058 699 413).
1086 637 1158 680 Ex
1189 634 1382 695 Epicuri
1403 634 1550 680 libris.

274 713 345 778 (v,
372 712 502 778 420.)
524 711 737 758 «Asserit
754 710 871 756 nihil
900 728 988 772 per
1010 727 1058 757 se
1084 711 1282 757 existere
1302 720 1474 771 praeter
1501 727 1667 771 corpus
1697 722 1745 758 et
1765 713 1915 762 inane,

210 791 287 837 Sic
314 791 551 851 Epicurus⁴
568 803 618 832 m
648 789 743 847 ΕΡ.
762 789 831 831 ad
851 789 1073 833 Herodot·
1099 804 1115 830 -·
1138 795 1193 836 Τὸ
1221 797 1303 836 πᾶν
1339 796 1426 836 ε’στι
1451 800 1510 841 πῆ
1529 795 1598 850 μὲν
1625 801 1767 853 σῶμα,
1791 802 1850 844 πῆ
1875 793 1922 838 δε

210 875 334 918 κενόν.
349 889 371 906 a·
382 868 591 913 anncn.
1078 903 1081 909 .

278 945 452 1004 Corpus
475 943 614 996 enim,
640 950 727 986 etc.
752 939 824 1005 (v.
854 940 945 996 423
961 938 993 1004 ).
1023 942 1132 1000 Ipsa
1153 939 1353 1000 Epicuri,
1369 940 1517 984 verba
1540 947 1632 990 :sz
1650 949 1726 1005 μὲν.
1747 949 1924 1006 σώματα

208 1029 257 1077 ὣς
280 1028 386 1070 ἔστιν
412 1026 514 1072 αὐτὴ
535 1028 561 1073 ἡ
585 1025 761 1074 αἷσθεσις
783 1023 850 1067 ἐπὶ
872 1025 1035 1067 πάντων
1052 1025 1262 1082 μαρτυρεῖ,
1290 1027 1380 1066 καθ’
1404 1025 1450 1070 ἢν
1471 1025 1690 1081 ἀναγκαῖον
1714 1027 1759 1068 τὸ
1775 1023 1924 1073 ἄδηλον

205 1110 264 1161 τῷ
275 1109 453 1162 λογισμῷ
480 1103 786 1160 τεκμαίρεσθαι·
805 1102 839 1144 εἰ
857 1102 933 1159 γὰρ
953 1102 1008 1159 μὴ
1023 1103 1068 1149 ἢν
1097 1103 1116 1144 ὃ
1139 1103 1264 1154 κενὸν,
1286 1100 1357 1144 καὶ
1375 1100 1515 1159 χώραν
1531 1135 1542 1154 ,
1558 1101 1628 1144 καὶ
1653 1104 1786 1160 ἀναφῆ·
1809 1106 1921 1160 φύσιν

207 1180 473 1237 ὀνομάζομεν,
499 1181 568 1222 οὐκ
588 1179 634 1222 ἂν
661 1174 741 1235 εἶχε
757 1178 812 1221 τὰ
837 1178 1014 1235 σώματα
1043 1178 1140 1221 ὅπου
1164 1175 1209 1225 ἦν
1225 1211 1236 1230 ,
1259 1174 1354 1220 οὐδὲ
1383 1174 1439 1219 δι’
1463 1172 1506 1220 οὗ
1538 1180 1723 1232 ἐκινεῖτο,
1743 1182 1923 1239 καθάπερ

203 1257 389 1313 φαίνεται
408 1259 633 1314 κινούμενα,
658 1250 811 1310 Epist.
828 1250 899 1292 ad
923 1249 1098 1294 Herod.
1127 1244 1296 1310 (Diog.
1330 1249 1511 1306 Laert.,
1534 1245 1617 1312 x),
1646 1252 1669 1306 S
1703 1251 1788 1310 39,
1815 1257 1890 1306 4ο.

272 1326 457 1386 Supera
481 1324 555 1390 (v.
590 1323 718 1390 430).
753 1326 919 1385 Supra.

270 1399 341 1465 (v.
369 1400 499 1467 441.)
512 1423 532 1444 «
545 1404 717 1449 Sensus
733 1411 827 1448 est:
847 1403 1298 1463 Quodcumqueper
1325 1416 1372 1448 se
1399 1410 1493 1460 est,
1517 1411 1598 1448 aut
1612 1402 1767 1462 ipsum
1789 1404 1929 1449 faciat

205 1478 389 1540 aliquid
426 1495 613 1525 necesse
649 1488 744 1537 est,
789 1488 869 1525 aut
900 1480 1109 1540 patiatur
1141 1479 1257 1525 alios
1292 1495 1340 1524 se
1385 1479 1457 1524 uti
1493 1476 1726 1542 (ideoque
1756 1497 1929 1542 corpus

204 1552 322 1619 sit),
351 1565 434 1602 aut
455 1556 514 1601 vid
539 1556 651 1614 erit,
686 1556 737 1600 in
761 1572 882 1616 quo,
913 1572 1001 1602 nec
1037 1556 1236 1601 faciente
1267 1571 1355 1600 nec
1383 1555 1593 1615 patiente
1624 1557 1829 1617 aliquid,
1855 1575 1930 1605 res

204 1641 390 1677 tantum
410 1648 537 1690 esse,
565 1632 772 1691 moveri,
795 1648 1024 1691 crescere,
1052 1632 1244 1678 dissolvi
1274 1641 1502 1693 possunt,
1530 1632 1561 1677 i.
1598 1649 1637 1678 e.
1668 1633 1821 1680 inane.
1853 1636 1929 1681 Sic

204 1709 462 1770 Epicurus,
495 1711 646 1770 Epist.
682 1711 751 1754 ad
769 1711 970 1766 Herod„
997 1713 1022 1767 5
1052 1710 1112 1768 67
1149 1727 1160 1755 :
1193 1707 1276 1773 (Τὸ
1300 1713 1501 1775 δρώμενον
1535 1720 1561 1766 ἢ
1592 1719 1776 1776 πάσχον,
1809 1721 1929 1779 σῶμοὶ

209 1783 342 1850 ἐστι’)
361 1795 407 1836 τὸ
437 1789 486 1836 δὲ
509 1794 618 1836 κενὸν
652 1794 741 1836 οὔτε
771 1799 966 1846 ποιῆσαι,
991 1794 1081 1837 οὔτε
1105 1796 1246 1836 παθεῖν
1276 1791 1472 1848 δύναται,
1496 1794 1600 1838 ἀλλὰ
1627 1796 1796 1845 κίνησιν.
1813 1797 1927 1855 μόνον

205 1865 263 1911 δι’
285 1871 428 1913 ἑαυτοῦ
451 1871 535 1920 τοῖς
551 1869 716 1928 σώμασι
745 1872 984 1928 παρέχεται.
1009 1886 1030 1902 »
1061 1864 1277 1909 CREECE·

269 1939 427 2000 Fungt
436 1936 508 2004 (v.
535 1937 674 2004 442).
695 1940 870 2002 Saepius
895 1942 1074 1987 Nostro
1104 1940 1280 1987 dicitur
1302 1957 1393 2001 pro
1410 1942 1537 2001 pati.

274 2017 502 2078 Tempus,
527 2024 614 2062 etc.
640 2013 711 2081 (v.
747 2014 882 2081 460).
911 2017 987 2064 Sic
1017 2017 1207 2063 Servius
1233 2019 1296 2064 ad
1316 2018 1508 2081 Virgil.,
1534 2021 1666 2075 AEn.‚
1697 2035 1769 2064 vn
1785 2054 1799 2077 ‚
1829 2019 1888 2077 37
1918 2036 1931 2065 t

211 2094 446 2154 Tempora
466 2095 562 2139 nisi
579 2109 642 2139 ex
655 2094 787 2140 rebus
809 2096 1112 2155 colligantur,
1121 2111 1219 2155 per
1241 2111 1292 2140 se
1306 2098 1439 2140 nulla
1454 2106 1571 2141 sunt.

272 2165 346 2233 (v.
366 2168 551 2229 465-47
562 2167 626 2235 1.)
642 2172 803 2228 Quum
818 2171 984 2217 dicunt
1003 2173 1229 2217 Helenam
1251 2181 1435 2231 raptam
1451 2187 1552 2217 esse
1560 2205 1576 2227 ,
1601 2171 1808 2230 trojanas
1825 2187 1933 2234 gen-

206 2254 276 2292 tes
308 2246 438 2292 bello
468 2247 616 2293 victas
643 2263 770 2303 esse,
810 2247 1071 2293 cavendum
1107 2257 1272 2313 estffine
1310 2248 1549 2293 communi
1584 2249 1814 2309 loquendi
1845 2265 1934 2295 usu

206 2319 368 2386 (latini
395 2323 519 2369 enim
548 2323 774 2369 sermonis
804 2323 968 2384 inopia
991 2323 1118 2387 cogit
1143 2314 1375 2371 utverho
1391 2341 1518 2380 sum,
1545 2341 1617 2381 es,
1651 2335 1748 2379 est,
1776 2326 1826 2370 in
1852 2341 1934 2371 re-

204 2394 296 2444 bus
327 2399 554 2460 temporis
581 2399 809 2460 praeteriti
837 2398 1053 2465 utamur)
1083 2401 1278 2446 adducti
1304 2401 1618 2447 concedamus
1640 2402 1736 2446 haec
1752 2418 1852 2447 esse
1874 2400 1931 2465 (i.

205 2489 246 2520 e.
282 2473 511 2540 existere)
542 2492 631 2538 per
660 2492 708 2522 se
723 2512 737 2535 ,
760 2486 848 2523 etc.

272 2553 508 2599 Dur-accus
532 2551 603 2617 (v.
640 2551 776 2618 477).
799 2556 836 2600 Ι.
853 2570 894 2600 e.
910 2571 968 2602 ex
999 2555 1214 2613 trabibus
1230 2564 1516 2616 compactus.
1532 2557 1671 2602 Hom.
1687 2590 1701 2613 ,
1732 2557 1900 2616 Odyss.
1915 2591 1929 2611 ,

207 2641 329 2687 vul,
365 2627 456 2675 512
489 2647 501 2675 ε

405 2755 620 2812 Δουροὶτεον
656 2757 784 2813 μέγαν
819 2755 956 2798 ἵππον.

208 2859 448 2921 Euripid.,
484 2863 680 2919 Troad„
706 2871 777 2919 14.

409 2989 582 3046 Δούρειος
607 2990 739 3040 ἵππος.

266 3094 488 3156 Ὀοφονα
507 3106 633 3153 sunt,
652 3106 737 3143 etc.
756 3095 826 3162 (v.
844 3097 979 3164 484).
998 3102 1214 3161 Corpora
1230 3108 1338 3147 sunt
1353 3108 1433 3147 aut
1448 3114 1607 3148 rerum
1625 3101 1873 3160 elementa,
1890 3114 1936 3148 er.

206 3170 387 3217 idcirco
413 3171 660 3233 simplicia,
684 3183 765 3220 aut
790 3191 850 3221 ex
870 3192 1031 3222 rerum
1055 3177 1294 3224 elementis
1322 3177 1596 3238 composita.
1614 3177 1690 3225 Sic
1720 3178 1850 3239 Epic.
1875 3181 1936 3225 ad

209 3247 390 3294 Herod.
414 3245 801 3313 (Diog..Laert.‚
833 3250 914 3317 x),
942 3257 966 3311 S
1001 3260 1060 3309 4ο
1086 3270 1097 3299 2
1130 3267 1217 3305 Τῶν
1244 3261 1444 3319 σωμάτων
1465 3261 1520 3304 τὰ
1555 3263 1625 3318 μέν
1660 3263 1746 3305 ἐστι
1774 3264 1935 3321 συγκρί-

210 3347 315 3385 σεις,
346 3332 402 3376 τὰ
428 3329 468 3374 δ’
493 3332 532 3384 ἐξ
550 3329 600 3376 ὧν
639 3335 681 3377 αἱ
714 3337 936 3393 συγκρίσεις
957 3338 1216 3385 πεποίηνται.
