2300 3926
403 261 459 306 52
954 254 1009 294 Τ.
1043 245 1331 303 LUCRE'ru
1367 251 1521 295 CAffl,
1906 245 1953 294 <v·
1976 246 2088 294 380.)

402 358 661 418 Dissimili
697 360 844 413 inter⁴
865 377 920 412 se
953 356 1198 433 quaedam
1232 355 1458 412 volitare
1490 354 1677 431 figura.

402 457 660 515 Perfacile
690 469 771 512 est
799 457 912 532 jam
946 457 1113 511 animi
1145 448 1357 519 ratione
1389 445 1663 510 exSolvcre
1697 451 1853 508 nobis

407 557 593 628 Quare
621 554 912 610 fulmineus
936 552 1110 609 multo
1137 551 1466 628 penetralior
1499 553 1665 628 ignis,

404 657 585 727 Quam
617 666 801 709 noster
834 652 969 707 fluat
995 671 1024 707 e
1056 651 1207 707 taedis
1241 651 1586 706 terrestribus
1619 661 1785 705 ortus,

405 755 600 811 Dicere
633 755 777 808 enim
795 750 979 827 'possis
1008 749 1280 806 coelestem
1303 747 1544 804 fulminis
1573 749 1754 823 ignem

407 852 671 907 Subtilem
707 851 877 926 magis
911 870 939 903 e
973 849 1151 925 parvis
1185 858 1432 902 constare
1466 845 1680 922 figuriS,
1748 832 1752 835 .

410 952 591 1024 Atque
624 949 744 1004 ideo
780 949 1010 1003 transire
1046 947 1340 1018 foramina,
1369 965 1487 1020 quae
1515 945 1707 1019 nequit
1735 944 1874 1020 ignis

408 1050 612 1105 Noster
647 1048 734 1102 hic
767 1067 797 1101 e
831 1045 993 1123 lignis
1027 1057 1208 1114 ortus,
1242 1044 1487 1118 taedaque
1521 1027 1754 1098 creatus.⁴

488 1150 754 1201 Praeterea
781 1144 963 1198 lumen
993 1165 1089 1219 per
1125 1164 1297 1198 cornu
1324 1143 1548 1211 transit;
1576 1154 1632 1196 at
1663 1141 1835 1195 imber

412 1244 710 1318 Respuitur
747 1262 758 1295 :
791 1241 993 1315 quare?
1026 1242 1131 1295 nisi
1157 1236 1379 1294 luminis
1412 1240 1504 1294 illa
1529 1241 1744 1294 minora

414 1343 660 1416 Corpora
675 1350 802 1394 sunt
815 1380 829 1409 ,
847 1358 1012 1413 quam
1037 1337 1103 1392 de
1123 1339 1320 1411 quibus
1338 1349 1420 1391 est
1436 1337 1616 1411 liquor
1637 1319 1814 1391 almus
1833 1355 2108 1411 aquarum.

493 1429 575 1494 Et
596 1437 842 1513 quamvis
874 1437 1056 1491 subito
1085 1456 1183 1512 per
1213 1425 1400 1489 ⁴colum
1426 1435 1556 1489 vina
1589 1433 1835 1489 videmus

414 1537 688 1594 Perssuere
722 1547 822 1602 :at
852 1532 1045 1589 contra
1072 1533 1293 1588 >tardum
1326 1544 1613 1613 cunctatur
1647 1532 1883 1603 olivum,

418 1638 534 1707 Aut
566 1637 695 1711 quia
729 1635 992 1689 nimirum
1026 1633 1321 1708 majoribus
1358 1644 1438 1687 est
1470 1619 1778 1703 elementis,

419 1736 532 1790 Aut
565 1735 736 1810 magis
770 1733 1002 1788 hamatis
1037 1733 1178 1786 inter
1214 1752 1295 1802 se,
1328 1751 1531 1807 perque
1559 1730 1786 1807 plicatis,

421 1834 600 1908 Atque
634 1831 758 1886 ideo
788 1831 852 1886 fit
883 1831 965 1886 uti
1000 1851 1110 1885 non
1144 1841 1255 1885 tam
1291 1829 1524 1884 deducta
1551 1842 1779 1905 repente

422 1936 574 1988 Inter
604 1953 659 1988 se
690 1932 901 2008 possint
932 1931 1232 2007 primordia
1264 1929 1478 2006 singula
1513 1950 1768 2006 quaeque,

427 2030 652 2107 Singula
683 2050 778 2107 peti=
808 2031 1072 2106 cujusque
1100 2029 1367 2085 foramina
1396 2049 1733 2104 permanare.

501 2131 626 2184 Huc
660 2129 868 2189 accedit
898 2130 981 2183 uti
1015 2128 1489 2202 mellis-lactisque
1521 2127 1761 2202 liquores

427 2226 681 2284 Jucundo
714 2247 876 2282 sensu
908 2224 1106 2302 linguae
1139 2237 1444 2280 tractentur
1474 2226 1531 2279 in
1567 2246 1693 2295 ore;

430 2329 500 2383 At
528 2337 719 2382 contra
751 2337 891 2380 tetra
922 2325 1162 2379 absinthi
1195 2337 1417 2403 natura,
1452 2324 1659 2400 ferique

431 2424 723 2493 Centauri,
756 2422 900 2477 foedo
935 2434 1294 2497 pertorquent
1322 2443 1419 2478 ora
1453 2444 1676 2500 sapore:

431 2526 509 2579 Ut
543 2521 696 2577 facile
731 2540 990 2597 agnoscas
1027 2542 1057 2576 e
1088 2518 1309 2575 laevibus
1339 2533 1501 2596 atque
1534 2521 1783 2577 rotundis

432 2623 561 2680 Esse
596 2641 682 2692 ea,
711 2639 846 2695 quae-
867 2637 1052 2674 sensus
1077 2618 1320 2695 jucunde
1351 2632 1573 2696 tangere
1600 2632 1844 2696 possunt.

435 2722 510 2777 At
543 2729 757 2800 contra,
789 2737 909 2792 quae
942 2737 1126 2773 amara
1150 2729 1312 2793 atque
1339 2738 1531 2794 aspera
1558 2738 1772 2794 cunque
1806 2718 2086 2789 videntur,

438 2821 568 2873 Haec
595 2817 776 2892 magis
792 2815 1024 2871 hamatis
1057 2817 1202 2871 inter
1234 2837 1289 2872 se
1312 2838 1450 2872 nexa
1478 2818 1674 2888 teneri,

436 2918 841 2992 Proptereaque
874 2914 1187 2971 solere'vias
1219 2916 1528 2971 rescindere
1558 2917 1757 2971 nostris

440 3014 723 3082 Sensibus,
756 3014 1093 3089 introituque
1125 3034 1222 3069 suo
1252 3033 1602 3089 perrumpere
1631 3014 1844 3090 corpus.

518 3111 718 3168 Omnia
750 3123 1027 3188 postremo
1053 3112 1196 3166 bona
1221 3112 1495 3183 sensibus,
1525 3124 1578 3167 ct
1613 3112 1755 3168 mala
1788 3124 1961 3183 tactu,

443 3208 709 3266 Dissimili
737 3209 880 3266 inter
911 3231 966 3265 se
994 3221 1239 3287 pugnant
1272 3210 1511 3286 perfecta
1543 3211 1747 3288 figura:
