2320 3866
414 210 498 255 182
973 209 1024 251 T.
1062 206 1353 252 LUCRETII
1384 204 1523 250 CARI
1909 200 1962 251 (v.
1979 173 2092 254 62'2.)
2146 203 2149 205 “

407 313 630 385 Quanto
659 329 886 386 quaeque
918 311 1086 387 magis
1111 311 1218 365 sint
1250 322 1447 365 terram
1475 305 1651 363 sidera
1680 315 1934 381 propter,

406 413 585 467 Tanto
617 430 772 486 posse
802 410 981 464 minus
1008 429 1133 464 cum
1164 407 1282 464 coeli
1311 407 1527 464 turbine
1554 403 1714 475 ferri3

408 511 747 566 Evanescere
783 509 927 563 enim
956 506 1171 584 rapidas
1205 505 1349 562 illius
1373 518 1428 562 et
1458 525 1605 562 acres

407 608 664 662 Imminui
695 605 880 663 subter
908 607 1077 678 vires,
1114 606 1340 683 ideoque
1372 604 1606 680 relinqui

407 705 675 762 Paulatim
708 704 874 762 solem
902 726 1025 761 cum
1055 702 1430 782 posterioribu’
1461 705 1656 781 signiS‚

409 804 640 859 Inferior
671 803 844 859 multo
869 804 1016 880 quod
1046 806 1146 875 sit,
1179 825 1342 880 quam
1366 802 1573 859 fervida
1595 803 1744 879 signa
1761 843 1776 872 ,

409 905 481 957 Et
507 903 675 982 inagis
699 904 803 959 hoc
829 902 1041 974 lunam3
1071 916 1123 959 et
1149 915 1355 979 quanto
1383 902 1662 958 demissior
1690 900 1806 976 ejus

411 1003 615 1056 Cursus
650 1002 803 1057 abest
831 1002 1023 1078 procul
1057 1022 1088 1056 a
1114 1001 1278 1072 coe10‚
1313 1003 1577 1076 terrisque
1607 1001 1968 1077 propinquat,

410 1101 586 1153 Tanto
614 1119 771 1174 posse
799 1100 979 1154 minus
1013 1119 1138 1154 cum
1171 1100 1335 1175 signis
1368 1098 1590 1153 tendere
1616 1118 1874 1159 cursum:

410 1196 740 1252 Flaccidiore
768 1198 932 1252 etiam
953 1210 1159 1273 quanto
1179 1199 1292 1273 jam
1325 1197 1544 1252 turbine
1574 1196 1749 1252 fertur
1874 1174 1877 1182 s

410 1294 644 1350 Inferior
676 1315 839 1374 quam
871 1294 975 1367 sol,
1006 1308 1159 1351 tanto
1191 1296 1361 1372 magis
1390 1296 1574 1350 omnia
1606 1295 1760 1371 signa

410 1398 564 1451 Hanc
594 1395 992 1471 adipiscuntur,
1022 1398 1227 1451 circum
1254 1407 1559 1472 praeterque
1584 1394 1837 1449 feruntur
1862 1415 1873 1447 ε

410 1497 702 1570 Propterea
729 1494 818 1566 fit,
846 1507 909 1550 ut
940 1495 1053 1550 haec
1082 1494 1150 1550 ad
1179 1496 1396 1572 signum
1425 1493 1680 1570 quodque
1710 1493 1911 1550 reverti

411 1592 671 1649 Mobilius
704 1593 979 1666 videatur,
1014 1593 1084 1649 ad
1114 1594 1257 1650 hanc
1287 1595 1417 1670 quia
1447 1595 1602 1670 signa
1630 1594 1888 1649 revisunt.

491 1694 576 1748 Fit
607 1713 823 1769 quoque
848 1706 911 1748 ut
942 1714 971 1749 e
1003 1693 1194 1749 mundi
1223 1694 1542 1750 transversis
1575 1692 1819 1769 partibus
1845 1712 1938 1747 aer

412 1792 650 1849 Alternis
677 1806 824 1849 certo
852 1793 1021 1850 fluere
1049 1793 1186 1849 alter
1212 1806 1458 1871 tempore
1484 1793 1683 1869 possit,

413 1893 525 1964 Qui
554 1906 716 1968 queat
746 1894 941 1949 aestivis
978 1893 1145 1950 solem
1176 1893 1465 1950 detrudere
1496 1892 1660 1968 signis

413 1991 693 2047 Brumales
727 2013 896 2068 usque
928 1993 997 2048 ad
1029 1993 1198 2049 flexus
1231 1991 1576 2069 gelidumque
1610 1992 1845 2067 rigorem
1869 2032 1882 2059 ,

412 2093 484 2147 Et
515 2091 608 2166 qui
639 2091 851 2166 rejiciat
880 2091 1072 2168 gelidis
1102 2113 1134 2147 a
1160 2092 1377 2169 frigoris
1406 2091 1612 2146 umbris

412 2189 688 2247 AEstiferas
718 2211 889 2266 usque
917 2193 974 2246 in
1005 2203 1185 2268 partes
1216 2203 1269 2246 et
1299 2189 1504 2246 fervida
1528 2190 1711 2266 signa3

413 2290 483 2345 Et
514 2291 724 2344 ratione
748 2291 866 2366 pari
899 2290 1086 2346 lunam
1115 2289 1403 2366 stellasque
1430 2289 1736 2366 putandum
1767 2299 1849 2344 est

413 2390 552 2460 Quae
577 2387 807 2442 volvunt
837 2409 1063 2464 magnos
1089 2391 1144 2444 in
1176 2391 1386 2466 magnis
1418 2389 1643 2445 orbibus
1672 2407 1875 2459 annm,

414 2486 645 2543 Aeribus
673 2506 831 2563 posse
860 2485 1083 2542 alternis
1111 2508 1142 2542 a
1172 2487 1419 2562 partibus
1449 2488 1544 2543 ire.
1676 2461 1680 2473 i

415 2588 615 2644 Nonne
644 2586 794 2642 vides
827 2587 989 2641 etiam
1019 2585 1245 2642 diversis
1278 2586 1466 2642 nubila
1501 2587 1675 2642 ventis

414 2686 668 2742 Diversas
699 2686 778 2741 ire
808 2686 866 2740 in
893 2697 1106 2762 partes,
1137 2683 1348 2740 inferna
1381 2684 1668 2761 supernis?

415 2784 528 2856 Qui
560 2786 738 2840 minus
768 2783 861 2839 illa
892 2795 1092 2860 queant
1126 2804 1222 2860 per
1255 2804 1482 2861 magnos
1505 2784 1716 2839 aetheris
1747 2782 1933 2854 orbeS,

417 2884 655 2940 AEstibus
687 2886 830 2939 inter
863 2904 919 2940 se
951 2883 1171 2940 diversis
1202 2883 1380 2939 sidera
1407 2883 1571 2939 ferri?

497 2987 569 3040 At
597 3005 706 3038 nox
733 2984 919 3039 obruit
950 2985 1157 3062 ingenti
1191 2982 1424 3061 caligine
1450 2996 1647 3055 terras;

419 3086 529 3140 Aut
562 3084 655 3139 ubi
688 3083 754 3139 de
782 3081 948 3161 longo
980 3105 1141 3140 cursu
1172 3083 1251 3140 sol
1284 3085 1483 3140 extima
1517 3083 1637 3140 coeli

418 3181 669 3258 Impulit,
712 3194 876 3259 atque
906 3205 1031 3240 suos
1060 3183 1262 3240 efflavit
1297 3181 1588 3261 languidus
1616 3184 1770 3260 ignes
