2320 3866
801 253 867 296 IN
902 251 1284 298 LUCRETIUM.
1808 252 1897 311 257

197 350 445 412 opposuit,
480 350 735 410 docuitque
758 363 831 393 res
861 362 1022 392 omnes
1043 346 1148 393 fieri
1171 348 1271 393 sine
1302 363 1411 394 cura
1443 356 1490 394 et
1519 362 1662 408 opera
1685 347 1903 407 deorum,

192 428 394 489 ideoque
417 443 604 474 omnem
625 425 901 485 religionem
922 424 1131 470 funditus
1154 424 1358 484 sustulit,
1380 433 1432 470 ut
1459 425 1597 470 docet
1619 424 1820 481 Tullius,
1844 427 1904 470 de

193 506 307 551 Nat.
329 506 457 552 deor.
465 538 483 561 ,
508 521 556 562 1,
580 510 636 558 41
672 518 734 547 τα
764 501 891 558 Quid
923 509 992 546 est
1022 503 1147 548 enim
1178 519 1258 548 cur
1289 503 1349 548 ab
1383 502 1654 547 hominibus
1678 502 1903 547 colendos

146 610 151 614 -
193 582 346 639 dicas,
375 598 518 643 quum
547 581 615 627 dii
636 595 735 625 non
756 579 903 625 modo
926 579 1142 626 homines
1158 596 1256 626 non
1272 581 1450 638 colant,
1467 580 1549 625 sed
1567 578 1761 625 omnino
1785 578 1904 623 nihil

190 667 354 704 curent
370 693 383 717 ,
405 658 524 703 nihil
544 655 712 718 agant?
738 675 758 696 υ

258 736 413 780 Fama
440 736 576 780 deum
603 730 673 794 (v.
697 729 800 795 69).
828 732 886 777 Id
919 741 987 778 est
1010 721 1129 777 fama
1165 733 1228 778 'de
1252 733 1365 790 diis,
1390 732 1708 789 narrationes,
1739 732 1905 777 fabulae

188 812 248 857 de
270 812 341 856 ira
363 811 555 856 deorum
578 817 624 854 et
647 809 706 854 de
722 808 883 869 rpoenis
907 810 1075 869 quibus
1098 818 1446 870 contemptores
1470 825 1578 854 suos
1594 810 1801 855 affecisse
1824 809 1903 855 di-

186 897 365 933 cuntur.

254 963 432 1009 Inn'tat
452 960 520 1024 (v.
547 960 655 1025 ¹71).
680 963 717 1006 1.
757 977 797 1007 e.
833 961 1049 1007 irritavit.
1074 962 1152 1007 Sic
1182 978 1247 1007 111
1265 996 1277 1020 ,
1315 977 1433 1021 710,
1464 962 1661 1024 legimus
1688 963 1903 1025 peritat,·

189 1056 236 1097 v,
269 1037 390 1096 443,
419 1039 688 1095 conturbat3
710 1054 789 1096 vx,
815 1037 924 1098 587,
947 1039 1193 1086 disturbat.

255 1116 442 1177 Cupit-et
465 1113 484 1178 (
491 1131 536 1161 v.
564 1114 666 1180 72).
695 1119 788 1162 Pro
816 1137 835 1158 «
852 1125 1094 1176 cuperet.»
1118 1110 1295 1174 Quarta
1319 1125 1365 1162 et
1387 1117 1520 1162 tertia
1548 1118 1660 1163 olim
1695 1133 1722 1163 a
1756 1134 1804 1163 se
1829 1118 1903 1162 in-

180 1192 332 1238 vicem
374 1207 475 1238 non
509 1193 575 1238 ita
611 1193 827 1253 sejunctae
864 1202 996 1239 erant
1035 1203 1080 1239 et
1118 1202 1303 1240 secretae
1316 1228 1329 1251 ,
1369 1194 1484 1255 quin
1522 1195 1713 1255 utrique
1753 1204 1906 1240 essent

178 1270 323 1316 multa
368 1271 651 1316 communia.
665 1270 922 1316 <Similiter
965 1270 1204 1316 veterrimi
1241 1271 1464 1316 dixerunt
1517 1293 1536 1313 «
1567 1272 1723 1332 parire
1745 1291 1770 1313 n
1816 1287 1906 1331 pro

179 1366 205 1389 α
227 1362 406 1407 parere.
437 1367 458 1388 u
1075 1335 1078 1337 Δ

248 1425 399 1470 Omne
421 1423 492 1487 (ν.
519 1422 623 1489 75).
639 1425 744 1471 Hoc
758 1441 921 1482 omne,
946 1434 993 1475 τὸ
1008 1435 1114 1486 πᾶν,
1137 1425 1265 1486 apud
1287 1425 1554 1486 Epicuraeos
1577 1435 1646 1471 est
1667 1424 1905 1471 infinitum

107 1559 111 1565 ἱ
179 1509 228 1547 et
263 1502 634 1565 sempiternum,
653 1502 930 1548 incrementi
963 1502 1101 1548 simul
1130 1511 1177 1548 et
1213 1502 1501 1548 decrementi
1534 1503 1762 1564 incapax,
1793 1503 1906 1548 dum

175 1579 376 1624 mundus
398 1576 557 1624 finitus
581 1587 649 1624 est
663 1613 677 1636 ,
702 1578 958 1640 aliquando
980 1587 1116 1624 natus
1132 1613 1146 1636 ,
1175 1587 1222 1624 et
1243 1579 1455 1624 interitui
1488 1580 1740 1625 obnoxiuS.
1772 1580 1906 1626 Idem

177 1655 338 1700 valent
380 1655 509 1717 apud
552 1656 822 1702 Lucretium
861 1665 1036 1701 natura
1070 1670 1244 1710 rerum,
1281 1671 1466 1701 summa
1503 1672 1684 1711 rerum,
1724 1673 1907 1702 summa

177 1732 356 1788 ommis,
393 1747 579 1779 summa
615 1742 716 1778 tota
734 1766 748 1786 ,
783 1748 980 1778 summoe
1023 1734 1158 1778 totius
1191 1748 1402 1788 summa,
1432 1741 1518 1780 etc.
1554 1734 1785 1795 Epicurus
1826 1747 1904 1784 τῶν

178 1815 274 1858 ὅλων
302 1816 442 1873 φύσιν,
465 1818 512 1855 et
533 1810 659 1870 apud
682 1810 980 1856 Plutarchum
1004 1823 1083 1860 τῶν
1109 1816 1231 1860 ὄντων
1265 1819 1377 1875 φύσιν
1409 1810 1542 1855 dixit.

220 1886 399 1932 'Finita
422 1895 644 1948 potestas
674 1887 876 1949 denique
905 1888 1102 1949 quoz‘que
1124 1884 1179 1950 (i.
1209 1903 1249 1932 e.
1281 1885 1469 1952 cuique)
1502 1904 1710 1950 quanam
1738 1888 1799 1933 sit
1821 1904 1905 1933 ra—

174 1962 315 2010 tione.
337 1961 408 2027 (v.
436 1961 539 2028 77).
567 1964 708 2010 Unde
731 1963 814 2010 fiat
835 1973 913 2022 ut,
938 1964 1268 2026 quodcumque
1293 1974 1383 2023 est,
1408 1964 1590 2010 finitam
1615 1966 1788 2011 habeat
1811 1981 1907 2026 po-

178 2047 417 2099 testatem,
445 2041 736 2103 limitemque
772 2041 994 2103 potentiae
1016 2044 1115 2087 alte
1144 2039 1202 2104 (i.
1239 2058 1276 2088 e.
1312 2042 1498 2103 penitus
1529 2042 1580 2087 in
1610 2042 1680 2088 rei
1712 2039 1907 2105 natura)

175 2118 395 2177 positum.

240 2190 312 2256 (v.
348 2208 437 2255 79,
468 2193 574 2258 80.)
616 2195 845 2241 Eamdem
886 2195 1016 2240 illam
1053 2195 1246 2257 Epicuri
1289 2195 1537 2261 victoriam
1577 2196 1642 2240 sic
1684 2194 1909 2241 describit

175 2269 419 2328 Manilius,
455 2285 504 2331 ι,
540 2287 625 2317 101
655 2288 666 2316 ε

348 2428 494 2441 .....
512 2399 714 2453 Solvitque
735 2399 877 2440 animis
899 2399 1090 2446 miracula
1105 2413 1238 2440 rerum
1251 2429 1262 2448 ,

260 2500 271 2509 κ
349 2468 586 2522 Eripuitque
605 2468 696 2510 Jovi
714 2467 885 2519 fulmen,
908 2467 1090 2523 viresque
1110 2468 1286 2511 tonaudi.

242 2579 405 2640 Impia
427 2580 624 2625 rationis
646 2582 876 2625 elementa
896 2577 967 2643 (v.
994 2578 1097 2645 82).
1126 2581 1163 2626 1.
1189 2596 1227 2625 e.
1253 2579 1448 2641 impiam
1472 2575 1837 2640 philosophiam.

245 2655 523 2718 Endogredi
540 2653 609 2721 (y.
637 2656 738 2722 83).
763 2657 859 2703 Alii
882 2657 1187 2719 «indugredi.
1210 2677 1230 2699 n
1263 2659 1408 2711 Indu,
1436 2657 1556 2701 endo
1585 2653 1755 2719 (ἔνδον)
1781 2656 1907 2701 idem

179 2730 311 2791 quod
333 2732 381 2776 ia
396 2765 413 2787 ,
441 2733 575 2779 intus.

250 2807 567 2869 Iphianassai
589 2809 652 2873 (v.
671 2809 766 2876 86).
800 2811 893 2858 Alii
918 2832 938 2853 «
959 2812 1287 2872 Iphianassaeo.
1308 2831 1332 2853 η

248 2885 412 2930 Prima
437 2887 639 2943 virorum
663 2889 732 2951 (v.
752 2887 855 2952 87).
880 2895 944 2939 Τὰ
974 2902 1120 2954 πρῶτα
1146 2902 1225 2939 τῶν
1254 2892 1432 2952 ἀνδρῶν,
1462 2886 1519 2932 de
1547 2901 1641 2946 quo
1666 2886 1906 2946 graecismo

180 2960 239 3006 cf.
275 2960 366 3006 viri
398 2961 527 3007 docti
556 2979 583 3008 a
606 2965 875 3022 Matthiaeo,
909 2966 986 3011 Gr.
1015 2982 1085 3028 gr.
1100 2999 1115 3021 ‚
1149 2969 1174 3023 S
1200 2963 1544 3021 438,=laudati‚
1573 2962 1745 3023 quibus
1786 2962 1908 3008 adde

183 3039 381 3103 Waxzr.
406 3038 469 3086 ad
489 3038 649 3101 Eurip.
679 3043 814 3087 Herc.
815 3042 946 3102 fun,
979 3059 1023 3088 v.
1049 3044 1162 3099 ult—.;
1186 3045 1427 3087 VALcmm.
1462 3040 1523 3085 ad
1553 3040 1720 3086 Phoen.
1738 3073 1754 3095 ,
1790 3038 1907 3097 4373

183 3116 486 3161 Bromnzu).
523 3115 584 3162 ad
608 3118 763 3164 AEsch.
798 3121 928 3165 Pers.
938 3153 954 3176 ,
987 3135 1034 3181 p.
1078 3136 1164 3182 993
1196 3122 1382 3165 Burru.
1422 3118 1482 3164 ad
1507 3118 1654 3179 Soph.
1680 3117 1904 3173 Philoct„

185 3192 295 3247 434.

249 3266 413 3326 Insula
438 3266 507 3330 (v.
545 3268 646 3333 88).
668 3293 685 3311 ιι
706 3272 1029 3319 velamentum
1060 3290 1085 3320 e
1112 3276 1217 3320 lana
1240 3274 1362 3319 intra
1392 3273 1652 3319 hostiarum
1675 3286 1863 3318 cornua.
1886 3291 1905 3312 v»

1560 3378 1622 3435 ¹7
