2340 3926
212 278 265 328 (v.
287 277 418 328 530.)
634 280 714 323 DE
751 278 972 323 RERUM
1007 275 1259 322 NATURA
1296 278 1406 323 LIB.
1444 284 1478 325 I.
1866 295 1921 338 ¹9

211 383 481 452 Possunt3
512 401 611 436 nec
644 400 809 456 porro
841 382 1058 457 penitus
1090 395 1376 458 penetrata
1407 385 1576 440 retexi
1611 405 1622 437 z

126 527 130 529 >
212 482 328 537 Nec
357 481 568 536 ratione
599 491 808 556 queunt
841 476 948 534 alia
981 491 1185 536 tentata
1215 480 1398 538 labare
1431 505 1444 537 ε

213 578 276 635 Id
308 568 454 656 quod
479 578 593 654 jam
629 597 825 653 supera
856 579 953 634 tibi
978 579 1152 656 ‘paulo
1183 581 1520 636 ostendimus
1550 591 1692 635 ante.

178 675 183 680 ’
218 679 356 735 Nam
385 680 563 753 neque
594 675 796 732 conlidi
830 678 947 733 sine
979 679 1132 734 inani
1161 700 1318 755 posse
1345 680 1562 735 videtur

213 777 554 853 Quidquam,
584 797 684 832 nec
713 776 916 854 frangi,
954 799 1052 833 nec
1086 778 1221 834 findi
1250 781 1313 834 in
1348 779 1478 834 bina
1509 776 1775 848 secando;

212 877 326 934 Nec
356 897 547 952 capere
574 877 892 949 humorem,
927 897 1105 954 neque
1132 879 1264 934 item
1299 878 1570 947 manabile
1596 878 1794 955 frigu5‚

215 977 326 1033 Nec
352 974 683 1052 penetralem
710 977 920 1053 ignem,
955 978 1154 1053 quibus
1185 979 1369 1033 omnia
1394 977 1778 1034 conficiuntur.

211 1079 281 1132 Et
313 1095 478 1152 quam
510 1095 737 1152 quaeque
769 1078 941 1154 magis
976 1077 1196 1133 cohibet
1233 1098 1320 1133 res
1354 1079 1501 1133 intus
1534 1079 1723 1148 inane,

211 1177 343 1230 Tam
375 1172 547 1251 magis
579 1176 663 1231 his
692 1177 854 1245 rebus
883 1178 1100 1253 penitus
1137 1189 1342 1232 tentata
1374 1177 1615 1233 labascit.

210 1276 356 1350 Ergo
367 1317 383 1345 ,
418 1275 463 1329 si
498 1274 669 1331 solida
703 1297 767 1332 ac
802 1277 917 1332 sine
950 1277 1102 1332 inani
1135 1298 1366 1353 corpora
1400 1278 1578 1353 prima

211 1374 384 1445 Sunt,
415 1374 491 1429 ita
525 1375 607 1429 uti
640 1375 839 1448 docui,
872 1377 980 1432 sint
1010 1376 1125 1432 haec
1155 1389 1358 1434 aeterna
1392 1397 1607 1432 necesse
1641 1387 1737 1431 est.
1766 1299 1851 1422 s

292 1474 588 1544 Praeterea,
620 1475 724 1530 nisi
753 1475 1005 1530 materies
1033 1487 1235 1530 aeterna
1262 1475 1475 1546 fuisset,

213 1572 463 1627 Antehac
492 1573 561 1627 ad
582 1572 823 1628 'nihilum
851 1575 1070 1649 penitus
1099 1594 1185 1628 res
1217 1561 1446 1648 quaeque
1475 1573 1768 1644 redissent,

211 1673 296 1726 De
324 1669 607 1747 nihiloque
634 1684 822 1727 renata
852 1672 1030 1727 forent
1060 1677 1400 1747 quaecunque
1429 1671 1693 1727 videmus.

209 1770 283 1825 At
310 1771 569 1846 quoniam
598 1791 795 1847 supera
825 1770 1020 1853 docui,
1051 1769 1129 1824 nil
1151 1780 1318 1846 'posse
1346 1770 1521 1826 creari

208 1871 294 1925 De
321 1867 516 1942 nihilo,
547 1890 725 1945 neque
755 1869 904 1946 quod
932 1871 1178 1946 genitum
1209 1882 1315 1941 est,
1347 1870 1416 1925 ad
1445 1869 1523 1925 nil
1554 1872 1833 1943 revocari3

208 1971 337 2025 Esse
364 1968 661 2025 immortali
691 1969 993 2046 primordia
1020 1989 1249 2047 corpore
1281 1968 1480 2043 debent
1499 2014 1514 2042 ,

209 2069 446 2126 Dissolvi
476 2091 587 2146 quo
617 2091 846 2147 quaeque
877 2091 1135 2147 supremo
1166 2085 1414 2147 tempore
1445 2072 1681 2147 possint,

211 2171 468 2226 Materies
497 2183 561 2227 ut
590 2169 903 2246 suppeditet
932 2171 1096 2226 rebus
1126 2170 1461 2246 reparandis,

211 2273 351 2326 Sunt
380 2271 548 2346 igitur
578 2267 750 2325 solida
780 2269 1080 2345 primordia
1110 2267 1456 2344 simplicitate
1490 2290 1501 2323 ε

210 2370 326 2425 Nec
353 2368 564 2424 ratione
594 2380 805 2444 queunt
835 2367 939 2423 alia
968 2380 1181 2424 servata
1211 2387 1309 2443 per
1335 2351 1511 2422 aevum

210 2470 292 2524 Ex
322 2467 537 2523 infinito
561 2469 675 2544 jam
703 2478 950 2545 ternpore
978 2487 1065 2522 res
1094 2486 1365 2542 reparare.
1410 2490 1411 2493 ¹

290 2569 572 2644 Denique,
603 2570 648 2624 si
678 2566 887 2623 nullam
917 2567 1084 2622 finem
1112 2568 1328 2624 Natura
1355 2580 1597 2643 parasset

212 2667 546 2744 Frangendis
573 2668 763 2739 rebuS,
790 2668 905 2743 jam
936 2685 1167 2743 corpora
1196 2668 1441 2723 materiai

212 2768 400 2842 Usque
428 2766 647 2824 redacta
677 2767 857 2823 forent
875 2810 890 2839 ,
921 2787 1035 2823 aevo
1064 2767 1351 2843 frangente
1380 2767 1587 2842 priore,

213 2868 292 2921 Ut
321 2865 456 2922 nihil
483 2888 550 2923 ex
578 2860 685 2924 illis
715 2887 746 2922 a
774 2879 923 2923 certo
951 2880 1199 2944 tempore
1227 2878 1410 2943 posset

215 2967 558 3042 Conceptum
586 2988 864 3024 summum
890 2967 1064 3023 aetatis
1092 2966 1387 3043 pervadere
1418 2965 1634 3036 florem,

216 3067 359 3123 Nam
384 3065 599 3142 quidvis
628 3069 787 3124 citius
817 3066 1039 3124 dissolvi
1069 3087 1225 3144 posse
1256 3066 1526 3137 videmus,

216 3163 403 3237 Quam
431 3185 623 3221 rursus
650 3167 827 3238 refici3
860 3180 1196 3244 quapropter
1226 3165 1388 3241 longa
1414 3165 1519 3220 diei

216 3266 448 3325 Infinitae
478 3277 603 3322 aetas
637 3268 867 3321 anteacti
899 3268 1159 3343 temporis
1187 3265 1386 3335 omniS,
