2320 3866
202 271 256 321 (v.
275 270 387 321 592.)
629 267 710 311 DE
742 264 963 309 RERUM
993 263 1244 308 NATURA
1266 264 1392 309 Lm.
1433 266 1487 330 v.

277 371 420 430 Illud
447 371 574 428 item
593 390 703 426 non
731 378 811 424 est
840 366 1149 422 mirandum
1165 371 1186 441 ‚'
1211 389 1318 444 qua
1349 371 1561 425 ratione

199 471 464 529 Tantulus
492 468 582 525 ille
610 478 773 544 queat
792 450 1014 521 ‘tantum
1044 466 1124 522 sol
1154 469 1368 524 mittere
1400 468 1612 537 lumen,

154 629 159 634 ,
198 566 365 647 Quod
386 571 557 626 maria
587 588 650 624 ac
680 578 854 623 terras
883 587 1069 623 omnes
1100 566 1404 644 coelumque
1438 566 1669 645 rigando

197 665 511 749 Compleat,
540 679 592 724 et
624 664 802 722 calido
829 666 1124 744 perfundat
1155 680 1352 724 cuncta
1379 688 1615 743 vapore3

195 773 340 828 Nam
368 769 492 825 licet
516 768 642 823 hinc
662 765 859 821 “mundi
888 766 1220 842 patefactum
1248 764 1414 822 totius
1444 787 1617 821 unum

196 857 531 945 Largifluum
559 859 763 921 sontem
790 877 1027 937 scatere,
1059 876 1221 941 atque
1251 885 1535 940 erumpere
1568 863 1749 919 lumen

194 969 277 1023 Ex
305 965 453 1022 omni
481 963 719 1035 mund0‚
750 984 859 1040 quo
890 964 966 1019 sic
997 962 1263 1019 elementa
1297 964 1514 1040 vaporis

193 1064 450 1141 Undique
479 1058 861 1136 conveniunt‚'
882 1075 936 1118 et
970 1063 1047 1119 sic
1078 1063 1358 1139 conjectus
1384 1085 1573 1120 eorum

190 1163 463 1235 Confluit,
498 1183 564 1220 ex
591 1183 703 1219 uno
733 1163 910 1240 capite
938 1162 1031 1218 hic
1053 1173 1116 1218 ut
1143 1162 1382 1240 profluat
1410 1163 1605 1219 ardor:

189 1264 388 1321 Nonne
418 1262 570 1319 vides
600 1263 766 1318 etiam
797 1271 965 1338 qnam
995 1261 1102 1318 late
1129 1283 1329 1339 parvus
1358 1265 1515 1339 aquai

188 1364 354 1419 Prata
386 1363 526 1439 riget
553 1361 675 1418 fons
711 1361 1014 1434 interdum,
1043 1363 1358 1440 campisque
1387 1362 1692 1419 redundet?

192 1465 292 1519 Est
325 1462 491 1518 etiam
522 1481 741 1538 quoque
767 1463 879 1534 uti,
910 1482 1022 1517 non
1054 1482 1252 1539 magno
1283 1461 1408 1517 solis
1438 1462 1506 1517 ab
1541 1462 1686 1538 igni,

192 1565 332 1619 Aera
356 1549 622 1638 percipiat
650 1560 838 1616 calidis
867 1552 1171 1616 fervoribus
1203 1560 1391 1632 ardor3

191 1662 554 1737 Opportunus
587 1660 662 1714 ita
693 1670 774 1714 est
801 1659 846 1714 si
878 1657 1020 1713 forte
1051 1670 1106 1714 et
1134 1657 1366 1714 idoneus
1395 1648 1510 1731 aer,

189 1761 270 1815 Ut
298 1769 464 1834 queat
492 1756 717 1826 accendi
749 1758 932 1834 parvis
968 1756 1257 1813 ardoribus
1293 1758 1467 1814 ictus:

189 1856 358 1930 Quod
389 1877 559 1934 genus
588 1855 864 1912 interdum
896 1868 1106 1935 segetes
1137 1856 1506 1935 stipulamque
1530 1856 1775 1915 videmus

189 1957 451 2034 Accipere
479 1976 545 2013 ex
573 1976 683 2012 una
708 1954 944 2012 scintilla
971 1957 1223 2013 incendia
1255 1951 1458 2034 passim
1487 1980 1499 2013 :

183 2057 435 2113 Forsitan
468 2068 523 2112 et
555 2076 711 2112 rosea
744 2054 823 2112 sol
854 2055 962 2112 alte
996 2055 1250 2134 lampade
1282 2056 1470 2114 lucens

184 2155 467 2213 Possideat
495 2154 731 2212 multum
761 2157 913 2212 caecis
941 2155 1248 2212 fervoribus
1275 2158 1460 2235 ignem
1524 2151 1527 2153 ³

188 2256 410 2312 Circum
439 2275 524 2328 se,
552 2253 707 2310 nullo
734 2256 829 2331 qui
857 2256 926 2310 sit
955 2254 1168 2332 fulgore
1201 2268 1451 2329 notatuS,
1496 2285 1500 2288 ¹

189 2353 504 2411 AEstiferum
538 2365 601 2410 ut
631 2366 846 2409 tantum
878 2353 1160 2410 radiorum
1190 2367 1454 2432 exaugeat
1477 2356 1661 2412 ictum.

268 2454 384 2511 Nec
415 2454 557 2509 ratio
587 2451 715 2509 solis
748 2451 1008 2530 simplex,
1041 2473 1144 2509 nec
1171 2465 1318 2509 certa
1348 2455 1578 2530 patescit
1601 2499 1615 2526 ‚

186 2553 315 2626 Quo
338 2563 500 2630 pacto
531 2553 728 2608 aestivis
754 2572 788 2607 e
818 2553 1066 2628 partibus
1099 2554 1438 2629 AEgocerotis

189 2650 468 2708 Brumales
503 2650 663 2707 adeat
690 2651 890 2724 flexus,
925 2663 1088 2728 atque
1114 2651 1241 2707 inde
1273 2665 1548 2708 revertens

189 2750 446 2806 Canceris
471 2762 534 2806 ut
559 2762 738 2806 vertat
764 2762 934 2807 metas
964 2772 1020 2807 se
1049 2750 1119 2806 ad
1147 2744 1487 2822 solstitiales;

190 2852 458 2925 Lunaque
486 2850 763 2907 mensibus
798 2851 855 2906 id
886 2852 1126 2927 spatium
1157 2850 1411 2907 videatur
1438 2850 1622 2923 obire,

191 2952 390 3006 Annua
416 2948 494 3005 sol
526 2951 581 3006 in
605 2973 714 3028 quo
744 2953 1014 3009 consumit
1039 2964 1286 3029 tempora
1319 2972 1483 3008 cursu
1506 2973 1518 3007 :

192 3050 318 3122 Non
337 3092 352 3122 ,
384 3050 606 3125 inquam
625 3092 640 3121 ,
673 3050 896 3127 simplex
923 3053 1008 3108 his
1036 3053 1198 3108 rebus
1224 3050 1433 3107 reddita
1467 3071 1628 3108 causa
1661 3064 1773 3125 est;

192 3150 337 3207 Nam
369 3147 488 3204 fleri
515 3146 601 3203 vel
632 3168 756 3205 cum
778 3152 967 3227 primis
998 3152 1053 3208 id
1079 3172 1235 3229 posse
1264 3150 1508 3222 videtur,

192 3248 493 3304 Democriti
521 3247 669 3323 quod
701 3261 885 3306 sancta
910 3252 1013 3307 viri
1046 3251 1309 3308 sententia
1343 3252 1534 3327 ponit,

1809 264 1894 311 181
