2340 3926
381 258 437 285 10
910 261 913 265 ·
950 247 1000 288 T.
1042 246 1331 290 LUCRETH
1370 247 1515 291 CARI
1888 249 2067 297 (V·260·}

376 347 645 404 Uberibus
672 328 854 402 manat
880 348 1124 404 distentis
1154 342 1328 405 :hinc
1361 372 1501 405 nova
1529 350 1704 426 proles

374 449 614 504 Artubus
642 447 868 502 infirmis
896 459 1104 509 teneras
1132 447 1333 504 lasciva
1355 471 1452 525 per
1478 451 1670 505 herbas

374 548 568 618 Ludit,
605 546 743 602 lacte
774 567 926 601 mero
953 559 1159 602 mentes
1186 567 1437 622 percussa
1468 549 1722 604 novellas.

374 647 531 702 Haud
563 647 730 722 igitur
755 645 970 721 penitus
998 657 1227 721 pereunt
1261 666 1595 722 quaecunque
1623 646 1876 701 videntur
1902 666 1914 700 ε

371 746 606 818 Quando
631 744 739 800 alid
766 766 828 800 ex
859 745 964 800 alio
991 745 1163 800 reficit
1188 747 1400 802 Natura
1417 788 1431 815 ,
1465 766 1563 800 nec
1591 746 1756 801 ullam

373 850 508 902 Rem
543 846 691 922 gigni
725 847 953 920 patitur,
981 846 1085 900 nisi
1115 856 1288 899 morte
1322 844 1562 920 adjutam
1589 843 1775 899 aliena.

453 947 614 1002 Nunc
647 965 768 1020 age,
798 965 882 999 res
914 944 1172 1019 quoniam
1206 943 1363 998 docui
1391 964 1501 998 non
1529 964 1684 1019 posse
1717 944 1882 998 creari

373 1046 457 1097 De
483 1043 652 1097 nihilo
671 1086 685 1113 ,
716 1064 890 1118 neque
924 1044 1053 1097 item
1085 1043 1290 1117 genitas
1323 1041 1391 1095 ad
1419 1042 1494 1095 nil
1521 1042 1792 1110 revocari;

373 1142 459 1197 Ne
487 1161 589 1215 qua
617 1141 755 1194 forte
789 1153 971 1195 tamen
1005 1152 1203 1215 coeptes
1237 1139 1479 1194 diffidere
1508 1139 1686 1210 dictis,

373 1238 539 1308 Quod
569 1250 846 1312 nequeunt
872 1237 1043 1293 oculis
1071 1259 1255 1292 rerum
1280 1233 1576 1312 Primordia
1606 1238 1783 1306 cerni;

374 1336 570 1410 Accipe
603 1347 882 1410 praeterea,
913 1356 1032 1410 quae
1058 1356 1285 1410 corpora
1313 1347 1431 1389 tute
1457 1355 1671 1389 necesse
1696 1347 1776 1389 est

374 1433 682 1488 Confiteare
711 1454 824 1488 esse
855 1435 912 1488 in
939 1434 1100 1488 rebus
1120 1476 1134 1503 ,
1170 1453 1269 1487 nec
1296 1453 1452 1508 posse
1478 1433 1666 1488 videri.

453 1533 755 1608 Principio,
781 1533 929 1586 venti
961 1534 1040 1586 vis
1067 1533 1317 1587 verberat
1347 1533 1510 1587 incita
1544 1545 1798 1608 pontum,

371 1631 735 1707 Ingentesque
767 1632 878 1685 ruit
909 1652 1095 1698 naveS,
1129 1643 1181 1686 et
1214 1630 1402 1686 nubila
1436 1630 1646 1699 differt3

373 1728 654 1784 Interdum
683 1729 874 1804 rapido
901 1749 1221 1805 percurrens
1248 1730 1466 1785 turbine
1492 1750 1707 1806 campos

374 1828 671 1883 Arboribus
700 1829 910 1905 magnis
946 1830 1167 1900 sternit,
1204 1840 1525 1903 montesque
1552 1843 1833 1904 supremos

375 1926 670 2002 Silvifragis
697 1940 852 1982 vexat
881 1927 1063 1982 flabris
1095 1948 1106 1981 :
1139 1928 1214 1981 ita
1247 1927 1477 2002 perfurit
1508 1928 1618 1982 acri

375 2027 518 2081 Cum
543 2025 793 2097 fremitu,
826 2027 1080 2101 saevitque
1107 2027 1304 2080 minaci
1334 2046 1614 2080 murmure
1640 2038 1854 2101 pontus,

373 2126 514 2179 Sunt
541 2125 708 2200 igitur
740 2127 888 2179 venti
915 2125 1176 2180 nimirum
1205 2145 1434 2200 corpora
1463 2146 1601 2180 caeca
1619 2168 1633 2195 ,

374 2225 512 2295 Quae
539 2243 708 2294 mare,
739 2242 858 2297 quae
884 2234 1079 2294 terraS,
1107 2243 1226 2299 quae
1254 2222 1487 2298 denique
1513 2223 1700 2278 nubila
1726 2223 1843 2278 coeli

374 2325 643 2393 Verrunt,
673 2341 734 2376 ac
765 2322 943 2376 subito
978 2323 1229 2376 vexantia
1264 2322 1479 2376 turbine
1509 2334 1742 2398 raptant.

373 2422 490 2476 Nec
519 2420 728 2475 ratione
755 2419 935 2474 fluunt
969 2418 1073 2474 alia
1102 2432 1442 2496 stragemque
1475 2434 1804 2497 propagant,

373 2521 454 2574 Ac
480 2540 649 2594 quum
675 2518 853 2573 mollis
881 2540 1032 2594 aquae
1062 2519 1233 2577 fertur
1257 2520 1469 2574 Natura
1502 2532 1724 2595 repente

373 2617 622 2672 Flumine
648 2617 981 2688 abundanti,
1017 2618 1164 2693 quod
1191 2616 1354 2694 largis
1381 2618 1647 2674 imbribus
1677 2630 1835 2694 auget

375 2718 656 2773 Montibus
689 2738 754 2773 ex
783 2717 904 2773 altis
931 2739 1159 2795 magnus
1187 2718 1443 2774 decursus
1470 2720 1662 2794 aquai,

300 2817 302 2819 ’
376 2818 666 2893 Fragmina
690 2818 982 2893 conjiciens
1009 2816 1268 2873 silvarum
1286 2861 1302 2889 ,
1335 2820 1662 2893 arbustaque
1695 2830 1842 2885 tota;

375 2918 494 2973 Nec
526 2915 691 2971 validi
717 2929 944 2992 possunt
972 2930 1162 2993 pontes
1194 2918 1460 2972 venientis
1487 2917 1646 2992 aquai
1704 2967 1707 2969 ,

377 3014 506 3070 Vim
534 3015 768 3070 subitam
795 3015 1023 3072 tolerare
1053 3037 1065 3070 z
1093 3017 1169 3070 ita
1201 3036 1400 3092 magno
1428 3015 1679 3070 turbidus
1711 3015 1900 3098 imbri,

378 3112 617 3169 Molibus
642 3115 926 3170 incurrens
952 3113 1143 3169 validis
1172 3102 1297 3169 cum
1332 3114 1539 3168 viribus
1566 3115 1768 3183 amniS,

379 3211 487 3264 Dat
516 3214 696 3269 sonitu
724 3235 921 3290 magno
948 3226 1181 3290 stragem
1202 3257 1216 3284 ,
1244 3213 1520 3288 volvitque
1550 3214 1649 3268 sub
1679 3211 1834 3268 undis
