2340 3926
234 322 286 368 (v.
307 317 418 369 590.)
654 321 735 363 DE
772 317 996 362 RERUM
1030 317 1280 363 NATURA
1314 318 1425 362 LIB.
1461 321 1496 363 I.
1876 334 1930 362 21

233 421 487 492 Quanam
516 423 584 476 sit
610 418 820 475 ratione
837 463 852 490 ‚
871 432 1050 495 ‘atque
1080 419 1190 475 alte¹
1220 422 1487 476 terminus
1516 415 1753 489 haerens-'3

233 522 350 577 Nec
378 520 543 576 toties
566 507 787 594 possebt
811 519 1118 594 ‘generatim
1148 518 1300 575 saecla
1330 520 1532 575 referre

188 675 194 679 ,
233 620 527 687 Naturam,
555 629 762 688 motus,
785 608 1335 694 victumjmoresque
1364 630 1669 696 parentum.
1727 671 1735 683 ,

312 720 451 773 Tum
481 736 671 792 porro,
703 712 961 792 quoniam
989 729 1293 773 extremum
1323 719 1587 793 cujusque
1614 732 1870 772 cacumen

234 816 494 893 Corporis
521 827 603 871 est
629 803 851 891 aliqtfbd
880 817 1053 871 nostri
1087 800 1252 891 quod
1263 813 1482 871 cernere
1517 836 1705 871 sensus

232 919 349 973 Jam
377 927 691 993 nequeunt;
721 914 779 969 id
799 914 1068 969 'nimirum
1097 915 1212 970 sine
1240 915 1483 991 partibus
1512 926 1719 986 exstat,

234 1018 304 1072 Et
330 1015 553 1070 minima
579 1014 791 1069 constat
818 1025 1014 1068 natura
1045 1033 1059 1067 z
1088 1015 1197 1067 1166
1215 1011 1591 1089 ΐ1111111111113111

231 1116 336 1170 Ρ61·
364 1134 420 1169 56
449 1125 740 1181 secretum,
768 1113 947 1187 'neque
970 1110 1202 1187 *posthac
1230 1132 1344 1167 esse
1371 1110 1573 1167 valebit
1604 1133 1615 1166 :

235 1210 477 1268 Alterius
505 1212 763 1287 quoniam
797 1221 878 1266 est
896 1211 1084 1287 ipsum
1114 1231 1238 1287 pars
1257 1254 1272 1282 ‚
1302 1212 1613 1287 primaque,
1645 1223 1698 1265 et
1726 1211 1857 1279 ima,

234 1310 371 1366 Inde
391 1306 517 1365 'aliae
546 1322 709 1384 atque
738 1308 854 1364 aliae
884 1307 1084 1364 similes
1114 1330 1180 1365 ex
1209 1309 1398 1364 ordine
1427 1323 1632 1385 parteS‚

233 1410 464 1486 Agmine
493 1407 765 1463 condenso
792 1419 1045 1462 naturam
1075 1409 1318 1484 corporis
1346 1407 1582 1484 explent.

235 1508 374 1578 Quae
409 1527 668 1582 quomam
696 1520 794 1582 per
823 1507 878 1561 se
907 1519 1186 1580 nequeunt
1215 1497 1486 1578 constare,
1516 1526 1733 1562 necesse
1762 1518 1843 1561 est

236 1609 476 1676 Haerere,
509 1617 570 1660 ut
597 1607 870 1680 nequeam
899 1602 1013 1658 ulla
1039 1604 1252 1659 ratione
1281 1602 1485 1659 revelli.

234 1706 373 1760 Sunt
399 1705 566 1780 igitur
595 1701 765 1758 solida
790 1701 1090 1778 primordia
1123 1700 1465 1778 simplicitate
1497 1725 1508 1758 :
1543 1708 1546 1710 ’

235 1804 375 1875 Quae
409 1803 648 1857 minimis
676 1802 873 1877 stipata
905 1801 1176 1856 coliaerent
1209 1802 1454 1877 partibus
1485 1815 1654 1875 arcte,
1691 1814 1693 1818 ’

236 1903 364 1959 Non
394 1922 460 1957 ex
493 1900 734 1956 ullorum
762 1911 1035 1956 conventu
1064 1895 1370 1974 conciliata,

235 2002 341 2057 Sed
375 2004 545 2080 magis
573 2016 774 2060 aeterna
798 2002 1062 2082 pollentia
1096 1987 1439 2081 simplicitate
1475 2027 1492 2059 z>

234 2100 395 2156 Unde
421 2122 598 2178 neque
627 2102 785 2160 avelli
819 2105 1146 2180 quidquam,
1177 2106 1355 2180 neque
1390 2104 1632 2159 deminui
1658 2105 1772 2178 jam

235 2199 499 2255 Concedit
524 2203 738 2258 Natura
766 2223 1046 2258 reservans
1078 2204 1284 2258 semina
1308 2203 1488 2257 rebus,

314 2301 584 2354 Praeterea
613 2283 849 2355 niSi'erit
875 2301 1191 2372 minimum,
1222 2301 1543 2376 parvissima
1574 2319 1801 2375 quaeque

234 2401 481 2475 Corpora
506 2399 833 2454 constabunt
858 2420 925 2454 ex
954 2400 1199 2474 partibus
1228 2398 1470 2453 infinitis.

236 2499 459 2575 Quippe
489 2498 584 2554 ubi
614 2497 847 2554 dimidiae
875 2497 1044 2573 partis
1073 2518 1198 2573 pars
1229 2517 1442 2573 semper
1475 2497 1695 2552 habebit

237 2597 535 2653 Dimidiam
564 2610 800 2674 partem,
835 2618 936 2652 nec
963 2618 1049 2652 res
1078 2597 1330 2672 perfiniet
1363 2595 1491 2651 ulla.

236 2698 385 2772 Ergo
410 2717 595 2753 rerum
625 2698 769 2753 inter
799 2697 1517 2771 summam,'minimamque
1547 2695 1679 2770 quid
1710 2694 1880 2750 escit?

238 2795 367 2851 Non
394 2797 498 2852 erit
529 2809 592 2852 ut
626 2796 826 2852 distent
855 2817 867 2851 :
905 2816 1034 2851 nam
1070 2796 1316 2871 quamvis
1348 2794 1593 2849 funditus
1625 2795 1800 2849 omnis

241 2896 469 2951 Summa
494 2895 563 2951 sit
597 2886 838 2967 infinita,'
866 2908 1049 2950 tamen
1086 2896 1402 2970 parvissima
1436 2914 1555 2968 quae
1591 2905 1717 2948 sunt

241 2996 324 3050 Ex
358 2992 583 3050 infinitis
610 2995 937 3050 constabunt
966 2995 1213 3071 partibus
1239 3014 1406 3069 aeque.

241 3094 392 3170 Quoi
424 3093 682 3168 quoniam
714 3095 853 3149 ratio
885 3093 1143 3150 reclamat
1177 3114 1329 3163 vera,
1365 3104 1636 3168 negatque

243 3192 479 3249 Credere
507 3212 664 3268 posse
698 3194 940 3248 animum
958 3237 972 3266 ‚
1006 3195 1181 3248 victus
1216 3192 1417 3246 fateare
1447 3202 1802 3261 necesseest,

244 3295 377 3349 Esse
405 3313 467 3349 ea
498 3313 617 3368 quae
645 3289 810 3348 nullis
838 3294 950 3368 jam
986 3293 1211 3369 praedita
1247 3291 1491 3367 partibus
1520 3303 1772 3360 exstent„
