2300 3926
397 293 485 325 ιη
965 279 1016 321 T.
1055 277 1346 323 LUcRE‘m
1381 277 1522 321 CAm
1693 294 1701 298 -
1915 242 2097 324 <mm-2

393 383 532 455 Quae
566 395 747 437 tamen
780 380 966 435 omnia
1001 392 1086 450 te,
1118 382 1231 435 vita
1263 380 1548 457 perfuncta
1567 420 1582 447 ‚
1612 384 1925 451 sequentur.

390 482 507 537 Nec
527 482 707 540 minus
724 501 854 557 ergo
872 491 999 534 ante
1014 479 1146 551 haec,
1164 500 1329 555 quam
1345 496 1512 550 nunc,
1529 474 1768 532 cecidere
1784 471 2101 549 cadentque.

392 581 480 636 Sic
508 579 617 635 alid
647 600 712 635 ex
737 578 845 634 alio
878 598 1161 655 nunquam
1198 578 1418 633 desistet
1452 577 1616 646 oriri;

401 680 630 755 Vitaque
661 681 953 754 mancupio
976 676 1128 733 'nulli
1161 677 1350 749 datur,
1381 676 1635 732 omnibus
1664 695 1785 730 usu.

472 780 701 854 Respice
735 778 865 833 item
885 821 900 850 ‚
937 797 1105 854 quam
1140 776 1217 831 nil
1251 776 1450 846 adqnos
1484 787 1732 830 anteacta
1765 784 2006 828 vetustas

394 879 677 954 Temporis
711 879 900 933 aeterni
935 877 1132 948 fuerit,
1168 897 1334 953 quam
1364 875 1638 932 nascimur
1669 887 1810 929 ante.

394 978 513 1032 Hoc
541 977 711 1053 igitur
745 976 1027 1053 speculum
1062 977 1220 1032 nobis
1252 977 1464 1031 Natura
1494 975 1664 1030 futuri

395 1077 680 1151 Temporis
712 1076 936 1151 exponit
964 1097 976 1130 :
1011 1086 1134 1151 post
1164 1085 1398 1131 mortem
1431 1074 1667 1148 denique
1698 1083 1939 1128 nostram
1958 1115 1973 1142 ‚

395 1175 548 1230 Num
579 1173 710 1248 quid
744 1174 821 1227 ibi
854 1174 1118 1228 horribile
1144 1172 1407 1250 apparet?
1433 1193 1567 1228 num
1599 1172 1753 1228 triste
1780 1171 1995 1226 videtur

397 1270 762 1347 Quidquam?
795 1292 981 1327 nonne
1014 1273 1166 1327 omni
1199 1292 1393 1326 somno
1428 1272 1668 1327 secu-rius
1694 1269 1910 1327 exstat?

478 1373 660 1448 Atque
695 1391 759 1426 ea
788 1371 1050 1426 nimirum
1069 1413 1084 1443 ‚
1120 1391 1461 1447 quaecunque
1493 1371 1810 1428 Acherunte
1844 1367 2118 1445 profundo

398 1470 624 1526 Prodita
657 1483 784 1527 sunt
818 1491 933 1526 esse
951 1513 966 1542 ,
1002 1472 1058 1526 in
1087 1472 1201 1526 vita
1234 1483 1362 1526 sunt
1390 1470 1575 1526 omnia
1598 1458 1782 1524 ‘nobis

399 1572 518 1627 Nec
547 1573 711 1626 miser
738 1566 1059 1647 impendens
1094 1591 1357 1648 magnum
1389 1571 1546 1626 timet
1577 1590 1701 1625 aere
1735 1588 1925 1624 saxum

401 1668 662 1726 Tantalus
681 1713 695 1742 ‚
727 1682 789 1725 ut
822 1669 966 1725 fama
999 1682 1080 1725 est
1098 1713 1113 1741 ‚
1147 1691 1295 1726 cassa
1324 1669 1627 1725 formidine'
1648 1681 1871 1745 torpens
1901 1688 1913 1719 t

403 1769 510 1824 Sed
536 1771 708 1846 magis
735 1770 792 1824 in
824 1771 938 1825 vita
965 1770 1174 1826 Divfim
1207 1783 1384 1826 metus
1415 1783 1575 1847 urget
1604 1765 1780 1824 inanis

403 1867 692 1938 MortaleS‚
718 1889 1016 1945 casumque
1040 1871 1263 1941 timent,
1294 1890 1682 1946 quemcunque
1715 1868 1853 1924 serat
1879 1867 2006 1923 fors.

483 1970 602 2026 Nec
632 1970 856 2045 Tityum
884 1968 1136 2025 volucres
1169 1970 1364 2025 ineunt
1390 1969 1706 2025 Acherunte
1730 1968 2004 2044 jacentem
2034 1987 2045 2019 ε
2102 2004 2105 2005 ⁷

403 2068 552 2136 Nec,
588 2067 738 2142 quod
774 2068 875 2123 sub
911 2089 1113 2145 magno
1149 2080 1468 2124 scrutentur
1499 2080 1754 2145 pectore,
1788 2065 2088 2142 quidquam

403 2167 736 2242 Perpetuam
773 2177 1007 2222 aetatemz
1022 2179 1286 2243 poterunt
1319 2168 1559 2244 reperire
1591 2165 1840 2244 profecto
1859 2207 1874 2236 ‚

407 2263 733 2336 Quamlibet
767 2267 996 2322 immani
1030 2267 1280 2343 projectu
1313 2265 1561 2343 corporis
1593 2277 1766 2321 exstet
1785 2279 1816 2336 ‚*

407 2366 523 2437 Qui
556 2386 669 2420 non
706 2364 822 2420 sola
847 2386 1046 2421 novem
1074 2366 1348 2443 dispensis
1367 2367 1563 2444 jugera
1589 2365 1847 2422 membris

411 2464 707 2536 Obtineat,
741 2464 835 2520 sed
869 2465 965 2540 qui
1000 2462 1166 2519 terrai
1203 2465 1372 2520 totius
1408 2466 1597 2521 orbem
1627 2460 1665 2520 τ’

411 2565 539 2620 Non
574 2576 758 2619 tamen
792 2575 1058 2619 aeternum
1089 2567 1294 2640 poterit
1327 2563 1571 2640 perferre
1605 2564 1884 2635 dolorem;

412 2664 464 2718 N
467 2684 528 2718 ec
558 2664 802 2739 praebere
832 2664 1016 2719 cibum
1047 2659 1272 2741 proprio
1301 2663 1368 2719 de
1395 2685 1628 2741 corpore
1659 2685 1888 2741 semper.

414 2763 518 2819 Sed
547 2765 739 2840 Tityus
771 2764 932 2820 nobis
964 2764 1054 2819 hic
1085 2775 1198 2837 est,
1237 2764 1295 2818 in
1326 2783 1511 2819 amore
1535 2765 1807 2840 jacentem
1869 2771 1874 2775 ”

415 2866 599 2936 Quem
623 2862 875 2921 volucres
903 2864 1146 2920 lacerant
1163 2906 1179 2936 ,
1213 2876 1378 2941 atque
1405 2877 1554 2920 exest
1583 2865 1777 2921 anxius
1805 2884 2003 2941 angor,

417 2970 531 3034 Aut
560 2963 666 3020 alia
694 2966 885 3041 quavis
914 2964 1172 3021 scindunt
1201 2964 1510 3043 cuppedine
1538 2985 1697 3021 curae.

500 3065 766 3141 Sisyphus
801 3066 858 3120 in
890 3067 1005 3121 vita
1038 3086 1258 3142 quoque
1291 3066 1450 3120 nobis
1484 3078 1612 3121 ante
1643 3064 1832 3121 oculos
1862 3075 1976 3136 est,

419 3165 531 3235 Qui
570 3177 755 3240 petere
788 3186 817 3220 a
852 3164 1058 3242 populo
1091 3165 1258 3221 fasces
1277 3207 1293 3237 ,
1326 3186 1600 3243 saevasque
1627 3184 1838 3220 secures

420 3262 672 3334 Imbibit,
707 3276 760 3319 et
796 3286 1009 3342 semper
1043 3267 1216 3321 victus
1250 3266 1531 3339 tristisque
1565 3264 1785 3322 recedit.
