2300 3926
419 290 477 346 54
985 291 1037 333 T.
1074 291 1362 335 LUCRETII
1397 283 1537 361 CAm
1917 287 1970 336 (v.
1988 285 2099 339 440.)

414 398 520 466 Ut,
556 396 598 449 si
631 395 767 449 forte
800 413 964 449 manu
997 394 1240 472 quamvis
1270 394 1382 469 jam
1409 394 1651 471 corporis
1685 393 1799 468 ipse

413 496 552 548 Tute
579 493 678 549 tihi
714 503 922 569 partem
949 491 1140 563 serim,
1167 510 1318 566 aeque
1348 484 1659 569 experiare}

413 594 765 668 Quapropter
794 591 956 667 longe
987 590 1188 645 formas
1224 589 1422 646 distare
1455 610 1670 646 necesse
1702 601 1806 660 est,

413 690 694 765 Principiis
714 733 728 762 ‚
761 691 940 745 varios
975 710 1094 765 quae
1128 689 1338 764 possint
1367 688 1524 744 edere
1559 708 1761 744 sensus.

490 789 763 863 Denique,
801 807 920 862 quae
954 788 1110 842 nohis
1146 787 1338 843 durata
1366 809 1427 846 ac
1456 788 1623 863 spissa
1654 785 1925 854 videntur,

414 891 539 942 Haec
572 887 745 963 magis
778 887 1010 942 hamatis
1044 888 1186 941 inter
1215 907 1328 942 sese
1357 907 1470 942 esse
1503 906 1720 942 necesse
1747 895 1858 955 est,
1926 897 1932 901 “

417 989 487 1041 Et
520 986 671 1062 quasi
699 986 923 1040 ramosis
950 984 1055 1039 alte
1085 998 1368 1060 compacta
1399 986 1589 1039 teneri.

412 1087 478 1138 In
509 1104 618 1158 quo
648 1084 758 1158 jam
794 1103 990 1159 genere
1023 1085 1080 1137 in
1114 1084 1301 1159 primis
1332 1083 1679 1138 adamantina
1706 1102 1831 1138 saxa

411 1183 595 1237 Prima
626 1183 737 1236 acie
764 1194 1050 1251 constant,
1080 1183 1219 1237 ictus
1246 1194 1591 1237 contemnere
1618 1194 1767 1237 sueta
1788 1224 1802 1252 ,

413 1282 482 1335 Et
510 1279 675 1334 validi
710 1278 882 1334 silices
901 1321 916 1349 ,
950 1299 1011 1334 ac
1045 1280 1167 1334 duri
1199 1281 1399 1334 robora
1427 1280 1590 1350 ferri,

416 1379 681 1452 AEraque,
717 1397 835 1453 quae
863 1375 1113 1432 claustris
1144 1378 1403 1431 restantia
1434 1376 1822 1433 vociferantur.

496 1475 595 1531 Illa
623 1487 802 1531 autem
838 1475 1038 1531 debent
1065 1496 1130 1531 ex
1157 1474 1378 1531 laevibus
1406 1487 1568 1551 atque
1599 1474 1851 1530 rotundis

415 1578 544 1631 Esse
578 1576 773 1651 magiS‚
807 1574 977 1630 fluido
1012 1594 1130 1650 quae
1166 1595 1394 1651 corpore
1423 1573 1630 1649 liquida
1655 1585 1941 1630 constant:

416 1675 531 1730 Nec
558 1674 864 1729 retinentur
891 1675 1036 1728 enim
1063 1675 1203 1728 inter
1238 1694 1292 1728 se
1322 1668 1713 1749 glomeramina
1748 1691 1997 1748 quaeque,

416 1776 485 1829 Et
517 1792 806 1849 procursus
840 1774 969 1827 item
1004 1774 1060 1827 in
1088 1772 1326 1849 proclive
1360 1771 1616 1828 volubilis
1649 1784 1838 1828 exstat.

499 1873 699 1928 Omnia
734 1885 1009 1949 postremo
1037 1893 1157 1948 quae
1190 1884 1394 1948 puncto
1423 1883 1667 1948 tempore
1700 1873 1873 1927 cernis

419 1970 728 2047 Diffugere,
750 1983 812 2026 ut
831 1971 1039 2026 fumum
1055 2014 1070 2042 ,
1090 1962 1339 2043 nebulas,
1367 1958 1748 2047 flammasque,
1772 1963 1988 2026 necesse
2014 1982 2117 2038 est,

419 2070 475 2123 Si
500 2071 679 2124 minus
707 2070 891 2124 omnia
923 2081 1049 2154 sunt
1082 2090 1111 2124 e
1146 2069 1365 2125 laevibus
1398 2082 1562 2146 atque
1590 2069 1867 2139 rotundiS‚

420 2169 496 2223 At
528 2187 639 2239 non
670 2187 783 2223 esse
811 2180 995 2222 tamen
1024 2167 1293 2243 perplexis
1326 2168 1643 2244 indupedita
1661 2209 1676 2238 ‚

410 2269 668 2343 Pungere
698 2247 779 2320 uti
812 2266 1019 2341 possint
1051 2286 1248 2342 corpus
1275 2277 1666 2342 penetrareque
1695 2285 1851 2335 saxa;

420 2366 537 2421 Nec
570 2375 751 2418 tamen
783 2364 986 2418 haerere
1021 2364 1165 2418 inter
1198 2385 1277 2434 se,
1312 2364 1460 2439 qu'od
1491 2364 1721 2439 quisque
1753 2363 1998 2419 videmus

422 2462 676 2517 Sentibus
709 2482 822 2517 esse
851 2461 1064 2531 datum3
1099 2459 1254 2516 facile
1288 2472 1350 2515 ut
1381 2481 1707 2537 cognoscere
1742 2455 1912 2537 possis

407 2549 549 2619 ²Non
583 2583 612 2616 e
638 2561 930 2638 perplexiS‚
964 2560 1058 2616 sed
1090 2562 1260 2616 acutis
1284 2580 1396 2616 esse
1429 2560 1725 2617 elementis.
1807 2557 1810 2560 ’
1858 2554 1861 2555 ’

504 2659 612 2716 Sed
647 2659 796 2736 quod
823 2680 1008 2715 amara
1037 2659 1187 2714 vides
1217 2659 1429 2729 eadem,
1458 2680 1577 2735 quae
1606 2659 1811 2714 fluvida
1844 2671 2120 2731 constant,

424 2758 603 2814 Sudor
628 2759 710 2813 uti
743 2761 908 2814 maris
937 2770 1048 2829 est,
1084 2758 1308 2812 minime
1336 2758 1392 2812 id
1425 2756 1673 2813 mirabile
1709 2758 2038 2813 habendum.

424 2860 570 2915 Nam
604 2856 751 2932 quod
776 2857 1042 2912 fluvidum
1075 2870 1154 2912 est
1172 2900 1186 2927 ‚
1221 2878 1251 2912 e
1278 2856 1498 2916 laevibus
1525 2867 1687 2931 atque
1720 2856 1981 2937 rotundis*

424 2958 520 3010 Est
544 2976 555 3009 :
587 2967 642 3009 at
669 2954 890 3011 laevibus
923 2967 1084 3031 atque
1111 2955 1359 3010 rotundis
1388 2955 1546 3009 mista
1581 2952 1780 3010 doloris

428 3056 673 3131 Corpora
701 3075 713 3108 :
741 3075 840 3109 nec
860 3066 1040 3110 tamen
1066 3055 1178 3109 haec
1208 3055 1430 3109 retineri
1457 3054 1674 3108 hamata
1703 3047 1980 3108 necessum
2010 3064 2119 3124 est3

428 3151 641 3208 Scilicet
674 3173 787 3208 esse
815 3151 1036 3229 globosa
1054 3197 1068 3223 ‚
1103 3165 1283 3208 tamen
1311 3149 1482 3229 quum
1511 3151 1757 3228 squalida
1783 3161 2033 3207 constent-
2050 3192 2065 3222 ⁷

428 3250 681 3306 Provolvi
717 3251 882 3308 simul.
909 3264 967 3308 ut
993 3253 1199 3328 possint
1217 3295 1231 3324 ,
1266 3264 1321 3308 et
1351 3248 1545 3308 laedere
1578 3270 1779 3307 sensus.
1975 3240 1979 3246 ¹
