2340 3926
393 277 448 320 32
972 276 1023 318 T.
1060 274 1349 320 LUCRETII
1386 273 1525 318 CARI
1896 267 1949 316 (v.
1966 270 2079 325 920.)

388 381 549 436 Nunc
585 399 681 456 age
699 421 713 450 ,
745 378 891 453 quod
920 391 1162 455 superest
1191 395 1478 454 cognosce,
1509 386 1563 429 et
1592 366 1788 428 clarius
1822 372 1963 428 audi.

387 479 440 535 N
443 499 501 535 ec
528 499 614 534 me
644 478 807 533 animi
837 476 998 548 fallit,
1029 498 1193 553 quam
1220 477 1329 531 sint
1357 477 1617 544 obscura3
1648 471 1742 530 sed
1769 473 1880 528 acri

387 577 656 633 Percussit
682 577 869 653 thyrso
896 575 1070 631 laudis
1100 595 1220 651 spes
1251 594 1449 652 magna
1473 593 1657 631 meum
1687 593 1807 642 cor,

388 679 457 731 Et
487 674 647 730 simul
680 675 904 730 incussit
928 693 1148 729 suavem
1174 674 1249 727 mi
1277 674 1334 728 in
1361 683 1548 749 pectus
1577 692 1818 728 amorem

387 777 672 830 Musarum
691 816 706 846 ,
736 794 846 849 quo
876 793 1023 828 nunc
1055 773 1344 828 instinctus
1361 815 1376 844 ,
1411 783 1592 828 mente
1625 772 1832 848 vigenti

387 875 524 930 Avia
549 873 826 929 Pieridum
855 893 1083 950 peragro
1114 872 1257 944 loca,
1288 871 1492 929 nullius
1521 885 1645 927 ante

388 973 539 1027 Trita
565 971 711 1042 solo;
736 974 893 1048 juvat
917 954 1156 1049 integros
1185 972 1437 1028 accedere
1465 971 1640 1027 fontes
1658 1014 1673 1042 ,

388 1074 565 1146 Atque
594 1072 846 1140 haurire3
871 1071 1136 1147 juvatque
1166 1091 1335 1126 novos
1365 1071 1652 1146 decerpere
1681 1069 1870 1139 floreS,

390 1170 773 1244 Insignemque
804 1189 925 1224 meo
953 1170 1118 1245 capiti
1147 1182 1333 1245 petere
1362 1170 1488 1225 inde
1518 1179 1802 1240 coronam,

389 1266 551 1322 Unde
579 1267 730 1341 prius
759 1266 898 1321 nulli
927 1265 1160 1322 velarint
1189 1280 1435 1343 tempora
1463 1271 1635 1324 Musae
1653 1289 1680 1322 ·:

390 1365 661 1434 Primum,
694 1364 842 1439 quod
869 1365 1078 1441 magnis
1108 1365 1276 1421 doceo
1306 1365 1373 1419 de
1402 1367 1591 1436 rebus,
1610 1366 1676 1420 ‘et
1703 1365 1866 1420 arctis

391 1446 760 1539 Relligionum
789 1463 998 1518 animos
1029 1463 1185 1519 nodis
1214 1455 1490 1519 exsolvere
1518 1485 1687 1540 pergo
1717 1485 1730 1518 :

393 1560 629 1632 Deinde,
662 1561 811 1636 quod
838 1561 1068 1619 obscura
1098 1561 1165 1618 de
1192 1583 1252 1618 re
1280 1575 1393 1619 tam
1421 1562 1601 1619 lucida
1630 1583 1808 1640 pango

397 1660 677 1731 Carmina,
707 1662 915 1715 Musaeo
946 1661 1264 1738 contingens
1294 1658 1719 1739 cuncta'lepore.

396 1757 460 1810 Id
491 1778 708 1834 quoque
738 1759 883 1814 enim
910 1759 1118 1815 non-ab
1150 1758 1301 1815 nulla
1329 1761 1538 1816 ratione
1566 1760 1810 1831 videtur,

401 1857 507 1912 Sed
534 1855 704 1912 veluti
735 1859 915 1934 pueris
945 1857 1218 1914 absinthia
1245 1870 1386 1915 tetra
1414 1860 1688 1917 medentes

397 1958 587 2028 Quum
619 1956 747 2011 dare
776 1970 1068 2030 conantur,
1099 1959 1401 2034 prius‘10ras
1429 1947 1630 2035 pocula
1657 1959 1860 2016 circum

398 2056 742 2133 Contingunt
770 2055 943 2112 mellis
974 2056 1117 2112 dulci
1148 2058 1396 2135 flavoque
1426 2056 1670 2134 liquore,

397 2156 475 2210 Ut
505 2174 802 2229 puerorum
829 2167 955 2210 aetas
985 2156 1288 2231 improvida
1316 2155 1629 2212 ludificetur

399 2253 707 2307 Labrorum
738 2265 922 2324 tenUS,
953 2253 1162 2308 interea
1189 2242 1441 2330 perpotet
1471 2274 1718 2311 amarum

398 2352 650 2409 Absinthi
679 2351 917 2422 laticem,
948 2352 1279 2429 deceptaque
1305 2356 1424 2409 ‘non
1453 2353 1718 2430 capiatur,

402 2450 509 2507 Sed
536 2452 718 2527 potius
747 2448 844 2505 tali
874 2450 1014 2504 facto
1044 2463 1287 2505 recreata
1315 2451 1549 2507 valescat
1583 2473 1596 2506 :

405 2552 494 2605 Sic
522 2571 622 2626 ego
651 2570 822 2623 nune,
855 2550 1113 2626 quoniam
1142 2550 1256 2606 haec
1281 2550 1422 2606 ratio
1450 2549 1772 2627 plerumque
1784 2548 2017 2610 ,videtur

405 2651 636 2705 Tristior
664 2670 801 2721 esse,
829 2650 1025 2726 quibus
1055 2671 1167 2706 non
1196 2662 1280 2724 est
1308 2662 1559 2722 tractata,
1589 2662 1845 2724 retroque

405 2748 619 2825 Vulgus
648 2749 907 2804 abhorret
934 2750 1000 2804 ab
1029 2750 1132 2804 hac
1163 2771 1176 2804 ε
1206 2748 1356 2805 volui
1386 2749 1483 2804 tibi
1511 2747 1909 2825 suaviloquenti

409 2849 662 2903 Carmine
695 2848 873 2903 Pierio
899 2849 1165 2903 rationem
1194 2869 1461 2924 exponere
1489 2861 1758 2914 nostram,

409 2949 479 3001 Et
506 2947 660 3021 quasi
687 2949 895 3002 Musaeo
927 2946 1073 3002 dulci
1099 2948 1414 3024 contingere
1440 2945 1630 3018 melie;

412 3045 468 3100 Si
496 3045 594 3099 tibi
623 3045 762 3100 forte
791 3046 1034 3100 animum
1059 3044 1155 3100 tali
1184 3047 1393 3101 ratione
1423 3059 1607 3102 tenere

410 3144 669 3199 Versibus
700 3145 757 3198 in
786 3145 987 3200 nostris
1017 3165 1252 3221 possem,
1284 3145 1415 3200 dum
1445 3147 1700 3221 perspicis
1726 3164 1940 3201 omnem

411 3243 677 3298 Naturam
705 3265 890 3299 rerum
907 3287 923 3316 3,
952 3266 1059 3320 qua
1087 3257 1295 3300 constet
1322 3257 1539 3322 compta
1567 3245 1755 3322 figura.
