2320 3866
456 271 546 316 226
1031 274 1082 316 T.
1122 273 1415 318 LUCRETII
1452 273 1591 318 CARI
1975 275 2025 321 (Ἀ
2045 276 2157 323 473-)

452 377 614 430 Posse
649 394 868 450 quoque
901 394 929 430 e
960 372 1098 430 salso
1132 396 1459 453 consurgere
1488 374 1725 431 momine
1752 375 1924 450 ponti.

452 475 597 530 Nam
633 475 770 528 ratio
806 494 930 529 cum
967 475 1231 550 sanguine
1267 476 1418 531 abest
1450 475 1770 530 humoribus
1802 475 1996 529 omnis.

451 576 744 644 Praeterea,
774 572 952 629 fluviis
981 594 1047 629 ex
1078 575 1332 630 omnibus
1349 618 1364 647 ‚
1393 587 1446 630 et
1472 574 1632 631 simul
1661 576 1779 651 ipsa

451 675 690 750 Surgere
719 673 787 728 de
820 685 961 729 terra
990 673 1213 730 nebulas
1239 686 1537 751 aestumque
1570 674 1814 730 videmus
1833 716 1848 745 ,

451 772 588 843 Quae
616 771 765 828 velut
790 772 1018 846 halitus,
1052 774 1182 829 hinc
1208 775 1283 829 ita
1317 795 1534 830 sursum
1563 794 1811 851 expressa
1838 772 2109 842 feruntur,

451 871 898 948 Suffunduntque
928 893 1024 928 sua
1057 872 1255 928 coelum
1279 873 1542 951 caligine,
1576 886 1628 930 et
1655 873 1791 930 altas
2102 861 2105 864 Α

450 968 741 1025 Sufficiunt
771 972 943 1026 nubes
967 970 1231 1047 paulatim
1261 972 1674 1043 conveniund03

447 1070 623 1145 Urget
652 1071 796 1124 enim
823 1090 1042 1145 quoque
1068 1070 1310 1145 signiferi
1344 1091 1506 1145 super
1534 1072 1749 1130 aetheris
1779 1082 1964 1141 aestuS,

446 1170 517 1222 Et
546 1169 699 1243 quasi
727 1168 1007 1224 densando
1041 1169 1276 1224 subtexit
1309 1168 1505 1224 caerula
1536 1169 1749 1225 nimbis.

525 1268 610 1322 Fit
635 1287 871 1344 quoque,
901 1279 963 1323 ut
986 1268 1135 1323 hunc
1158 1269 1380 1323 veniant
1402 1269 1459 1322 in
1482 1280 1683 1323 coetum
1706 1270 2042 1325 extrinsecus
2067 1267 2159 1324 illa

447 1371 726 1444 Corpora,
756 1388 878 1443 quae
901 1367 1109 1423 faciunt
1139 1368 1313 1423 nubes
1341 1368 1667 1444 nimbosque
1693 1367 1972 1437 volantes3

444 1465 905 1523 Innumerabilem
935 1468 1081 1523 enim
1109 1488 1403 1523 numerum
1419 1511 1433 1537 ‚
1457 1462 1835 1546 summamque
1859 1465 2121 1544 profundi

443 1569 576 1622 Esse
604 1566 870 1622 infinitam
900 1567 1095 1638 docui,
1127 1579 1439 1644 quantaque
1469 1565 1720 1624 volarent

445 1669 694 1743 Corpora
721 1666 1024 1722 mobilitate
1061 1667 1305 1740 ostendi,
1339 1687 1613 1743 quamque
1646 1679 1871 1744 repente

443 1765 880 1822 Immemorabile
907 1787 1007 1842 per
1035 1768 1272 1843 spatium
1296 1767 1529 1822 transire
1563 1765 1802 1822 solerent
1833 1787 1846 1821 ε

442 1865 605 1920 Haud
640 1866 809 1943 igitur
835 1868 1037 1923 mirum
1067 1879 1178 1938 est,
1209 1867 1254 1922 si
1287 1886 1459 1943 parvo
1490 1878 1736 1943 tempore
1766 1886 1907 1943 saepe

442 1967 577 2019 Tam
605 1986 833 2043 magnos
861 1979 1073 2022 montes
1104 1979 1395 2043 tempestas
1414 2009 1428 2037 ,
1460 1979 1624 2043 atque
1653 1967 1886 2022 tenebrae

443 2064 779 2139 Cooperiant
813 2066 985 2119 maria
1016 2086 1077 2120 ac
1107 2077 1304 2137 terras,
1336 2067 1582 2142 impensa
1614 2084 1877 2141 superne3

440 2162 702 2238 Undique
734 2163 1185 2239 quandoquidem
1215 2184 1314 2241 per
1342 2164 1525 2222 caulas
1550 2165 1778 2225 ,aetheris
1803 2183 2019 2232 omneS‚

440 2265 511 2319 Et
533 2263 685 2338 quasi
719 2284 818 2340 per
848 2264 1035 2340 magni
1061 2265 1267 2319 circum
1298 2262 1573 2341 spiracula
1601 2263 1791 2319 mundi
1810 2306 1824 2334 ,

437 2362 632 2417 Exitus
660 2364 1026 2438 introitusque
1055 2356 1334 2418 elementis
1364 2363 1610 2421 redditus
1635 2376 1824 2419 exstat.

520 2461 685 2517 Nunc
713 2481 839 2537 age,
869 2481 979 2535 quo
1012 2473 1172 2537 pacto
1197 2461 1416 2538 pluvius
1447 2476 1759 2519 concrescat
1793 2465 1850 2518 in
1877 2461 1998 2518 altis

438 2560 695 2619 Nubibus
726 2559 946 2631 humor,
967 2572 1026 2630 et
1054 2562 1111 2621 in
1138 2572 1308 2616 terras
1334 2561 1599 2619 demissus
1630 2574 1692 2618 ut
1721 2562 1899 2618 imber

436 2659 694 2732 Decidat,
721 2660 1007 2737 expediam
1033 2681 1044 2714 :
1068 2661 1309 2737 primum
1334 2661 1450 2737 jam
1477 2665 1685 2721 semina
1717 2663 1879 2737 aquai

436 2758 617 2815 Multa
651 2759 814 2815 simul
843 2760 1058 2815 vincam
1088 2774 1418 2838 consurgere
1446 2762 1683 2817 nubibus
1714 2762 1843 2837 ipsis

439 2859 715 2914 Omnibus
745 2875 810 2914 ex
837 2859 1031 2929 rebus,
1058 2860 1374 2936 pariterque
1402 2861 1479 2916 ita
1507 2881 1750 2917 crescere
1779 2850 2066 2938 utrasque,

436 2960 507 3013 Et
536 2959 708 3015 nubes
728 3001 743 3031 ,
777 2971 833 3015 et
860 2979 1081 3036 aquam,
1114 2980 1452 3036 quaecunque
1488 2961 1545 3016 in
1574 2961 1814 3017 nubibus
1846 2973 2043 3031 exstat3

435 3059 516 3112 Ut
541 3059 747 3134 pariter
777 3060 936 3116 nobis
969 3080 1168 3136 corpus
1195 3080 1320 3115 cum
1352 3062 1616 3137 sanguine
1645 3061 1868 3129 crescit,

438 3157 617 3213 Sudor
634 3159 764 3214 item
784 3170 949 3235 atque
965 3160 1165 3216 humor
1179 3160 1493 3236 quicunque
1508 3172 1589 3216 est
1616 3159 1849 3236 denique
1872 3157 2156 3216 memhris:

438 3257 773 3333 Concipiunt
802 3260 966 3315 etiam
984 3259 1219 3316 multum
1243 3280 1462 3337 quoque
1486 3280 1628 3338 saepe
1657 3260 1932 3315 marinum
