2320 3866
380 243 440 287 ‘26
448 250 472 296 4
993 241 1482 286 ADNOTATIONES

380 349 429 383 ut
455 338 543 385 alia
577 338 714 384 etiam
748 336 972 396 adjectiva
1003 339 1200 398 perinde
1224 348 1356 385 erant
1378 340 1454 385 vel
1486 337 1658 395 tertiae,
1687 338 1763 382 vel
1796 337 1986 398 primae,
2015 342 2089 384 vel

378 415 588 460 secundae
611 413 938 459 declinationis
961 412 979 478 (
991 431 1036 460 v.
1071 430 1111 460 c.
1145 416 1270 476 apud
1295 417 1519 462 Nostrum
1547 432 1587 459 11
1602 449 1615 471 ,
1647 413 1740 468 845
1757 450 1769 472 ,
1790 414 2015 477 stet-ilus).

441 493 562 537 Hinc
584 501 739 536 tamen
770 489 842 553 (v.
869 489 1005 554 348).
1033 493 1211 538 Tamen
1242 508 1318 537 eas
1349 508 1458 538 raro
1485 506 1583 538 esse
1615 506 1841 551 corpore,
1871 500 1918 536 et
1946 507 2091 536 vacua

378 568 588 629 quaedam
611 563 806 628 spatiola
830 567 953 612 inter
980 568 1236 614 solidarum
1261 569 1451 614 istarum
1475 584 1631 614 rerum
1653 568 1898 628 particulas
1914 583 2010 613 esse
2033 583 2092 613 ex

378 645 677 705 sequentihus
708 645 1116 690 observationibus
1143 645 1277 691 facile
1316 645 1521 706 colligas.
1555 644 1825 706 Praepositio
1855 660 1958 689 cum
1991 645 2091 689 ele-

377 730 541 781 gauter
567 721 803 779 abundat,
829 730 878 766 ut
903 721 1083 782 saepius.

454 798 598 843 Totas
631 797 702 860 (v.
727 797 861 861 353).
893 799 1079 844 Scilicet
1111 800 1323 853 arbores,
1358 799 1467 844 licet
1495 815 1632 859 supra
1664 798 1871 859 posuerit
1892 798 2091 843 arbusta.

377 875 453 922 sic
473 877 636 934 Hom.,
666 877 864 935 Odyss.‚
893 892 988 935 ΧΠ,
1008 882 1066 933 74
1098 893 1108 920 :
1344 883 1349 885 “

898 989 1053 1043 Νεφέλη
1086 983 1136 1028 δέ
1165 1004 1229 1043 μιν
1255 986 1508 1044 ἀμφιβέῧηκε

576 1064 763 1114 Rumam,
790 1063 836 1104 τὸ
861 1063 931 1118 μὲν
958 1055 1010 1116 (ἱ.
1037 1071 1077 1100 e·
1103 1056 1238 1118 νέφος)
1264 1063 1399 1104 οὔποτ’
1423 1065 1543 1120 ἐρωεῖ.

374 1162 498 1208 Vide
521 1161 659 1206 etiam
683 1162 937 1218 Nostrum,
961 1176 1042 1219 ιν,
1064 1160 1154 1219 60,
1185 1160 1299 1218 116;
1322 1177 1377 1219 v,
1409 1160 1460 1218 8;
1490 1178 1570 1220 v1,
1603 1159 1721 1220 756,
1748 1161 1858 1223 951.

441 1240 624 1284 Natura
655 1239 813 1282 manet
852 1239 954 1282 sine
981 1238 1199 1298 pondere
1233 1238 1389 1282 inanis
1422 1235 1493 1301 (v.
1529 1236 1665 1300 364).
1701 1239 1777 1284 Sic
1813 1247 2091 1284 construen-

376 1315 488 1360 dum
519 1330 530 1359 :
558 1314 775 1358 «Natura
807 1312 960 1358 inanis
993 1311 1227 1374 (secundo
1251 1311 1387 1375 casu)
1413 1322 1571 1359 manet
1601 1314 1701 1359 sine
1721 1314 1947 1374 pondere.
1969 1334 1989 1355 »

442 1392 642 1436 Dedicat
672 1388 744 1452 (v.
780 1387 915 1453 368).
945 1388 1186 1447 Affirmat‚
1210 1389 1428 1435 declarat.

441 1469 532 1513 Est
562 1468 701 1529 igitur
718 1468 934 1512 nimirum
955 1464 1026 1531 (v.
1058 1466 1152 1528 369
1166 1504 1178 1527 ‚
1211 1466 1347 1529 370).
1378 1468 1571 1513 Constat
1592 1467 1759 1528 igitur,
1779 1469 1830 1514 id
1856 1469 1986 1530 quod
2007 1484 2096 1514 vo·-

377 1560 531 1589 camus
554 1544 695 1590 inane
723 1553 771 1590 et
794 1545 853 1589 de
877 1560 971 1605 quo
995 1560 1120 1589 nunc
1144 1544 1431 1605 disputamus
1446 1580 1459 1605 ,
1491 1561 1590 1590 esse
1623 1545 1744 1591 inter
1777 1562 1979 1607 corpora
2014 1546 2094 1591 in-

376 1630 671 1681 terspersum.

444 1699 577 1742 Illud
596 1699 645 1742 in
677 1697 753 1741 his
768 1698 901 1742 rebus
934 1695 1003 1757 (v.
1036 1698 1122 1755 371
1137 1731 1150 1755 ,
1175 1697 1310 1762 372).
1335 1698 1468 1744 Ordo
1499 1706 1569 1744 est
1592 1715 1605 1745 ε
1628 1700 1786 1760 Cogor
1814 1715 2097 1760 praecurrere

376 1775 523 1834 illud,
555 1775 683 1836 quod
709 1774 898 1836 quidam
930 1773 1142 1835 fingunt,
1171 1791 1232 1821 ne
1253 1776 1402 1836 possit
1434 1784 1480 1820 tc
1508 1791 1622 1821 vero
1656 1776 1899 1822 deducere.

443 1853 728 1897 Privandum
754 1861 824 1896 esc
847 1867 1046 1912 corpora
1076 1849 1145 1915 (v.
1174 1851 1310 1916 382).
1333 1854 1406 1898 De
1431 1868 1577 1914 graeca
1599 1853 1945 1899 constructione
1964 1888 1976 1912 ‚
2007 1853 2099 1897 hoc

378 1943 517 1974 versu
548 1928 718 1987 obvia,
742 1928 950 1973 diximus
981 1930 1042 1974 ad
1065 1945 1112 1974 v.
1142 1945 1248 1976 112.

445 2006 618 2051 Initum
640 2003 708 2068 (v.
743 2005 882 2069 384).
906 2008 944 2051 Ι.
976 2022 1015 2051 e.
1047 2005 1309 2066 ingressum
1324 2041 1338 2063 ‚
1364 2006 1629 2052 exordium.
1655 2007 1752 2052 Alii
1776 2005 2012 2051 «initium.
2032 2025 2053 2045 »

443 2085 519 2127 De
546 2098 770 2127 concursu
811 2089 878 2140 (v.
907 2082 1042 2146 385).
1081 2086 1192 2129 Post
1225 2099 1516 2129 concursum.
1553 2085 1630 2129 Sic
1667 2085 1880 2143 Plautus,
1924 2084 2062 2128 tuost.
2081 2116 2097 2137 ,

382 2176 450 2204 111
471 2194 483 2218 ‚
510 2176 560 2218 2,
586 2158 614 2205 8
644 2174 656 2202 ε

727 2269 817 2308 Non
840 2267 966 2309 bonus
985 2276 1042 2309 est
1063 2282 1221 2308 somnus
1240 2268 1290 2308 de
1308 2267 1492 2322 prandio.

378 2374 499 2429 Alii,
522 2375 645 2421 inter
678 2391 798 2436 quos
828 2377 965 2422 Wak.
991 2386 1038 2421 et
1062 2377 1278 2438 Forbig.‚
1302 2377 1467 2438 legunt
1494 2395 1520 2417 α
1536 2375 1595 2421 de
1625 2390 1904 2420 concurso.»

446 2452 591 2499 Fuvat
604 2449 667 2514 (v.
687 2451 777 2509 387
789 2449 822 2515 ).
841 2472 861 2494 «
874 2452 1018 2508 Quasi
1028 2452 1210 2497 fuerit.»
1227 2454 1438 2498 Gazaca.
1456 2453 1550 2499 Alii
1565 2452 1735 2506 rectius
1751 2453 1944 2512 legunt«
1964 2449 2058 2496 fiat.
2080 2471 2099 2490 »

370 2553 444 2587 ,-
459 2529 684 2573 Possidat
701 2544 791 2589 pro
817 2529 1085 2589 possideat.
1115 2530 1330 2574 Verbum
1344 2531 1596 2589 possidere
1615 2530 1702 2574 hac
1725 2528 1963 2589 praesentis
1984 2536 2100 2572 tem-

379 2605 509 2664 poris
531 2606 683 2652 forma
713 2605 829 2650 alibi
857 2621 957 2650 non
984 2620 1228 2651 occurrere
1255 2605 1454 2651 videtur.

451 2682 748 2728 Condenseat
767 2680 837 2744 (v.
868 2681 962 2743 393
974 2681 1005 2746 ).
1034 2680 1118 2728 'Sic
1145 2682 1276 2742 Virg.
1294 2717 1307 2740 ‚
1330 2685 1436 2729 AEn.
1452 2716 1467 2738 ,
1495 2698 1526 2727 x
1542 2718 1557 2740 ,
1581 2683 1672 2736 432
1700 2698 1710 2726 :

732 2798 910 2839 Extremi
932 2798 1147 2839 addensent
1169 2797 1282 2838 acies.

449 2908 714 2955 Conducere
741 2907 808 2971 (v.
843 2907 982 2973 398).
1005 2910 1317 2968 Contrahere,
1349 2918 1548 2974 συνάγειν.

452 2986 708 3047 Coecasque
739 2986 945 3032 latebras
969 2987 1205 3031 insinuare
1231 2984 1301 3048 (v.
1335 2992 1427 3047 409
1447 3022 1459 3044 ,
1484 2985 1615 3044 410).
1640 2985 1763 3031 Vide
1793 2985 1855 3030 ad
1877 3001 1921 3029 v.
1961 3000 2066 3041 117.

446 3063 521 3106 De
551 3064 700 3122 plano
728 3058 799 3125 (v.
825 3062 965 3126 412).
1000 3063 1108 3109 Haec
1136 3064 1358 3120 formula,
1382 3063 1710 3123 jureconsultis
1742 3060 1972 3123 imprimis
2008 3061 2102 3105 fre-

382 3146 625 3198 quentata,
651 3139 855 3184 occurrit
877 3139 1017 3184 etiam
1048 3141 1098 3185 in
1122 3140 1311 3187 Gruteri
1334 3136 1571 3201 Ins-cripit.
1590 3173 1606 3195 ,
1630 3148 1663 3186 t.
1689 3157 1707 3186 1
1725 3176 1737 3199 ,
1758 3155 1806 3200 p,
1835 3138 1927 3193 408
1953 3136 2101 3199 (Vide

382 3213 519 3260 Wix.
551 3216 787 3261 Addenda
799 3248 815 3271 ,
847 3223 880 3260 t.
909 3231 928 3261 1
945 3252 957 3275 ,
986 3232 1035 3277 p.
1058 3216 1151 3272 384
1165 3216 1208 3280 );
1231 3217 1394 3263 eadem
1418 3234 1532 3263 vero
1555 3216 1922 3276 circumscriptio
1938 3214 2102 3269 adver-
