2320 3866
239 233 294 283 (v.
309 230 424 282 ³23.)
647 227 729 271 DE
761 222 982 271 RERUM
1013 222 1268 267 NATURA
1302 224 1416 268 LIB.
1458 225 1535 268 VI.
1848 237 1935 268 221

238 338 311 391 Et
336 332 494 391 celeri
516 330 684 388 ferme
706 337 942 405 pergunt
965 325 1041 380 sic
1061 323 1290 384 fulmina
1314 323 1498 403 lapsu,

239 434 491 491 Nubibus
514 433 630 508 ipsa
649 424 1044 504 quodomnino
1069 426 1221 502 prius
1247 426 1412 483 incita
1439 447 1494 483 se
1519 427 1599 483 vis

159 596 165 601 ,
241 532 512 610 Conligit,
541 542 598 586 et
626 545 883 603 magnum
910 545 1173 581 conamen
1204 528 1369 582 sumit
1401 526 1598 596 eundi;

238 633 395 704 Inde,
423 632 515 688 ubi
546 650 654 686 nou
681 626 861 704 potuit
894 626 1064 682 nubes
1095 647 1289 702 capere
1320 628 1536 704 impetis
1561 638 1803 692 auctum,

237 731 577 809 Exprimitur
596 729 675 783 vis
694 769 708 797 ,
740 737 901 802 atque
928 725 1052 781 ideo
1080 725 1233 781 volat
1254 727 1454 801 impete
1479 727 1647 795 mir0,

237 834 315 888 Ut
338 829 526 886 validis
549 847 668 903 quae
692 825 758 880 de
782 826 1066 905 tormentis
1091 826 1254 880 missa
1277 824 1546 879 feruntur.

315 928 497 996 Adde,
522 925 669 1002 quod
690 945 718 979 e
734 925 924 1004 *parvis
949 944 1011 979 ac
1036 921 1258 979 laevibus
1281 935 1362 979 est
1390 922 1673 978 elementis
1690 966 1705 995 ,

237 1029 356 1085 Nec
378 1024 644 1081 facile'est
674 1023 771 1080 tali
801 1035 1009 1079 naturae
1043 1023 1305 1079 obsistere
1330 1023 1666 1100 quidquam3

233 1128 390 1181 Inter·
406 1126 550 1180 enim
575 1125 718 1202 fugit
741 1135 1079 1200 acpenetrat
1100 1144 1197 1199 per
1220 1143 1343 1178 rara
1370 1124 1591 1178 viarum
1615 1143 1627 1177 :

231 1227 361 1283 Non
385 1226 552 1302 igitur
575 1223 762 1280 multis
785 1223 1081 1279 offensibus
1105 1224 1162 1278 in
1186 1222 1516 1278 remorando

231 1325 456 1380 Haesitat
479 1346 491 1379 :
518 1325 661 1380 hanc
695 1323 765 1379 ob
789 1344 905 1378 rem
929 1321 1094 1378 celeri
1116 1322 1265 1380 volat
1288 1323 1489 1399 impete
1509 1321 1696 1378 labens
1719 1343 1732 1377 ε

231 1424 474 1496 Deinde,
501 1425 650 1501 quod
674 1424 901 1480 omnino
923 1433 1122 1480 natura
1142 1423 1387 1502 pondera
1411 1423 1668 1480 deorsum

233 1524 434 1578 Omnia
457 1524 740 1597 nituntur3
766 1544 935 1599 quum
960 1522 1121 1600 plaga
1144 1523 1213 1578 sit
1237 1523 1422 1578 addita
1444 1544 1598 1592 vem,
1662 1550 1665 1552 ·

232 1621 513 1679 Mobilitas
538 1621 868 1700 duplicatur,
892 1634 946 1676 et
969 1623 1204 1698 impetus
1228 1620 1319 1676 ille
1345 1623 1647 1699 gravescit3

231 1724 310 1778 Ut
333 1722 705 1778 vehementius
738 1734 793 1777 et
819 1722 980 1777 citius
1002 1749 1033 1790 ,⁴
1054 1741 1393 1797 quaecunque
1422 1732 1711 1777 morantur

232 1821 441 1891 Obvia,
467 1820 720 1877 disentiat
750 1820 954 1898 plagis,
992 1821 1265 1897 itinerque
1289 1833 1562 1898 sequatur.
1624 1878 1630 1881 r

312 1922 591 1998 Denique,
618 1921 768 1998 quod
799 1920 966 2000 longo
987 1922 1138 1978 venit
1160 1922 1397 2001 impete,
1420 1943 1640 1978 sumere
1658 1921 1817 1978 debet

230 2019 624 2093 Mobilitatem,
652 2021 817 2077 etiam
841 2030 1006 2098 atque
1032 2023 1197 2077 etiam
1220 2043 1340 2098 quae
1365 2023 1557 2078 crescit
1581 2021 1763 2079 eundo
1778 2064 1792 2093 ,

232 2122 305 2176 Et
334 2118 539 2176 validas
561 2133 724 2198 auget
747 2122 890 2177 vires
914 2134 968 2177 et
992 2122 1220 2177 roborat
1243 2123 1446 2193 ictum;

232 2220 376 2276 Nam
401 2219 529 2275 facit
547 2209 636 2292 ut,
660 2241 782 2296 quae
815 2221 926 2276 s'int
949 2220 1094 2276 illius
1126 2222 1331 2277 semina
1368 2242 1612 2298 cunque,

232 2321 279 2374 E
302 2319 525 2395 regione
547 2318 728 2375 locum
753 2322 908 2396 quasi
932 2321 988 2375 in
1013 2341 1187 2376 unum
1212 2333 1410 2377 cuncta
1434 2321 1699 2394 ferantur,

234 2419 437 2473 Omnia
459 2419 754 2495 conjiciens
779 2421 835 2475 in
863 2441 988 2476 eum
1012 2418 1289 2476 volventia
1312 2436 1550 2477 cursum.

312 2520 518 2574 Forsan
551 2531 603 2574 et
639 2540 706 2575 ex
740 2521 858 2597 ipso
890 2521 1114 2575 veniens
1146 2520 1316 2575 trahit
1347 2520 1752 2597 aerequaedam

236 2618 506 2695 Corpora,
536 2638 657 2696 quae
683 2618 858 2698 plagis
886 2620 1181 2677 intendunt
1211 2619 1591 2677 mobilitatem.

314 2717 728 2796 Incolumesque
760 2721 913 2776 venit
943 2742 1040 2798 per
1073 2742 1158 2778 res
1191 2701 1357 2797 atque
1388 2723 1603 2798 integra
1634 2722 1830 2777 transit

238 2815 443 2891 Multa,
471 2818 828 2878 foraminibus
859 2820 1080 2899 liquidis
1112 2825 1241 2900 quia
1276 2821 1509 2878 travolat
1536 2822 1710 2899 ignis;

241 2916 527 2995 Multaque
555 2923 870 3002 perfringit,
905 2946 1079 3001 quum
1110 2945 1344 3001 corpora
1375 2923 1618 2980 fulminis
1652 2925 1769 3002 ipsa

239 3018 574 3095 Corporibus
600 3042 781 3079 rerum
813 3025 1131 3098 inciderint,
1168 3045 1277 3101 qua
1309 3036 1454 3080 texta
1482 3035 1754 3081 tenentur.

237 3116 498 3174 Dissolvit
532 3139 695 3196 porro
729 3122 885 3180 facile
916 3146 1012 3197 aes,
1045 3145 1352 3201 aurumque
1384 3138 1608 3203 repente

241 3216 670 3290 Confervefacit,
699 3239 729 3276 e
759 3224 939 3298 parvis
969 3226 1100 3302 quia
1129 3225 1270 3283 facta
1302 3225 1513 3282 minute
