2340 3926
450 265 506 309 36
1014 268 1065 310 T.
1092 246 1393 318 *LUCRETH
1425 267 1566 311 CAM
1924 269 1975 315 ‹v-
1997 264 2134 314 1040.)

446 368 699 423 Materies
731 378 875 423 recta
895 358 1122 445 regione
1151 376 1335 424 aversa
1365 368 1488 423 viai.

521 469 638 524 Nec
667 465 836 543 plagae
870 477 1091 543 possent
1121 466 1450 522 extrinsecus
1480 465 1722 541 undique
1750 482 2013 520 summam

446 568 778 622 Conservare
808 585 1023 620 omnem
1042 607 1057 635 ,
1089 585 1420 640 quaecunque
1446 577 1528 621 est
1555 561 1854 619 conciliata.

446 663 656 719 Cudere
685 663 829 718 enim
859 663 1049 718 erebro
1080 675 1333 738 possunt,
1367 675 1684 740 partemque
1711 660 1941 728 morari,

445 764 592 817 Dum
621 762 838 816 veniant
865 760 1003 832 aliae,
1031 782 1092 816 ae
1124 760 1362 837 suppleri
1393 781 1600 816 summa
1626 771 1869 835 que-atur.

444 858 726 913 Interdum
759 857 965 913 resilire
991 870 1171 913 tamen
1207 873 1493 935 coguntur,
1529 870 1584 913 et
1614 878 1723 912 una

444 957 730 1032 Principiis
763 977 946 1011 rerum
972 958 1236 1032 spatium,
1265 967 1585 1031 tempusque
1619 955 1765 1031 fugai

444 1054 659 1130 Largiri
688 1065 749 1109 ut
776 1055 984 1129 possint
1018 1075 1049 1109 a
1081 1065 1221 1109 coetu
1250 1053 1419 1109 libera
1446 1053 1590 1109 ferri.

445 1153 630 1223 Quare
661 1153 823 1207 etiam
852 1164 1015 1226 atque
1048 1153 1210 1206 etiam
1244 1152 1477 1206 suboriri
1506 1136 1681 1206 multa
1712 1171 1924 1206 neeesse
1956 1161 2049 1205 est.

445 1252 516 1303 Et
544 1261 724 1303 tamen
750 1260 812 1303 ut
842 1247 1013 1323 plagae
1043 1269 1260 1323 quoque
1289 1250 1499 1324 possint
1527 1260 1813 1324 suppetere
1842 1250 1970 1323 ipsae
1987 1290 2001 1316 ‚

444 1344 666 1402 Infinita
692 1363 830 1419 opus
858 1356 940 1398 est
968 1345 1048 1398 vis
1076 1344 1317 1417 undique
1344 1346 1607 1398 materiai.

524 1441 668 1498 Illud
695 1443 752 1497 in
781 1437 866 1497 his
896 1442 1057 1497 rebus
1086 1440 1247 1518 longe
1276 1440 1403 1517 fuge
1432 1440 1650 1497 credere
1668 1483 1684 1510 ‚
1713 1443 1966 1511 Memmi,

446 1544 510 1597 In
538 1541 777 1596 medium
805 1561 1027 1596 summae
1057 1539 1236 1617 (quod
1267 1538 1485 1616 dieunt)
1515 1540 1695 1595 omnia
1727 1540 1854 1610 niti,

447 1641 626 1715 Atque
655 1639 776 1695 ideo
805 1638 996 1694 mundi
1025 1651 1277 1694 naturam
1308 1651 1450 1694 stare
1479 1639 1592 1694 sine
1622 1637 1747 1693 ullis
1814 1674 1818 1676 -

447 1738 649 1794 Ictibus
679 1739 912 1795 externis
930 1780 944 1809 ‚
974 1758 1151 1813 neque
1181 1758 1456 1814 quoquam
1490 1758 1647 1814 posse
1676 1735 1872 1793 resolvi

450 1839 674 1893 Summa
701 1850 863 1913 atque
889 1838 998 1892 ima
1015 1880 1030 1906 ‚
1060 1836 1208 1912 quod
1235 1837 1293 1891 in
1327 1836 1566 1892 medium
1597 1837 1705 1892 sint
1733 1836 1915 1891 omnia
1944 1835 2069 1890 nixa

449 1935 666 2012 (Ipsum
695 1936 738 1990 si
767 1936 1064 2012 quidquam
1092 1956 1249 2011 posse
1278 1936 1334 1990 in
1365 1956 1420 1991 se
1450 1936 1634 1991 sistere
1662 1934 1834 1990 credis
1852 1977 1867 2002 ‚

449 2037 519 2089 Et
547 2055 666 2109 quae
693 2034 935 2110 pondera
963 2046 1087 2090 sunt
1116 2034 1216 2090 sub
1247 2034 1431 2103 terriS,
1457 2034 1641 2089 omnia
1669 2053 1884 2088 sursum

450 2132 652 2202 Nitier,
682 2133 738 2186 in
765 2144 1019 2208 terraque
1048 2145 1194 2189 retro
1224 2133 1560 2208 requiescere
1587 2145 1744 2209 posta
1761 2175 1776 2205 ,

450 2232 526 2285 Ut
555 2250 652 2305 per
681 2250 847 2306 aquas
877 2251 996 2306 quae
1025 2233 1170 2286 nunc
1199 2252 1382 2287 rerum
1411 2232 1697 2287 simulacra
1724 2231 1969 2288 videmus
1986 2232 2026 2309 ):

450 2331 520 2384 Et
538 2327 710 2383 'simili
738 2330 947 2384 ratione
977 2328 1229 2384 animalia
1256 2330 1434 2386 subtu'
1462 2332 1646 2407 vagari

451 2425 831 2498 Contendunt,
858 2447 1034 2502 neque
1062 2448 1218 2503 posse
1246 2449 1276 2483 e
1303 2430 1462 2483 terris
1492 2430 1550 2483 in
1579 2427 1695 2484 loca
1721 2427 1839 2483 eoeli

451 2525 709 2581 Recidere
738 2524 994 2580 inferiora
1022 2527 1192 2602 magis
1220 2545 1384 2601 quam
1412 2545 1643 2601 corpora
1670 2539 1858 2582 nostra

453 2626 658 2700 Sponte
688 2643 783 2678 sua
808 2624 1015 2699 possint
1042 2624 1099 2678 in
1127 2622 1246 2678 coeli
1273 2623 1476 2699 templa
1503 2622 1713 2695 volare;

450 2721 538 2776 Illi
568 2742 739 2798 quum
766 2721 984 2776 videant
1008 2720 1179 2776 solem
1197 2765 1211 2793 ,
1245 2727 1344 2777 nos
1373 2722 1549 2777 sidera
1575 2724 1747 2778 noctis

453 2824 714 2891 Cernere,
744 2832 798 2875 et
830 2819 1049 2875 alternis
1080 2821 1364 2876 nobiscum
1390 2832 1637 2897 tempora
1662 2820 1782 2876 coeli

451 2919 736 2989 Dividere,
768 2931 822 2974 et
851 2932 1036 2974 noctes
1063 2917 1258 2994 pariles
1287 2920 1516 2995 agitare,
1548 2919 1784 2995 diesque.

533 3016 639 3072 Sed
665 3037 835 3072 vanus
866 3015 1076 3072 stolidis
1099 2999 1211 3071 haee
1240 3018 1424 3072 omnia
1452 3017 1669 3072 finxerit
1700 3038 1854 3073 error

450 3114 700 3190 Amplexi
729 3116 877 3190 quod
905 3116 1107 3171 habent
1136 3134 1384 3191 perverse
1414 3117 1590 3191 prima
1619 3116 1742 3182 viai.

453 3216 595 3270 Nam
625 3214 865 3269 medium
892 3214 1028 3269 nihil
1057 3211 1171 3270 esse
1202 3227 1379 3291 potest
1407 3214 1501 3269 nbi
1534 3215 1693 3270 inane
1708 3213 1976 3289 'locusque
