2320 3866
420 248 444 293 3
455 263 471 291 1
483 254 509 301 4
1031 249 1515 297 ADNOTATIONES

478 343 659 388 Severa.
699 343 767 388 Cf.
794 344 968 388 Pmm'r.
988 378 1000 400 ‚
1033 345 1186 400 Trita,
1220 362 1285 404 ιν,
1324 363 1371 403 1,
1399 345 1457 398 6.·,
1486 348 1656 402 Vno„
1692 345 1880 406 Georg„
1917 361 2006 403 111,
2030 344 2086 405 37
2103 366 2135 405 ,-

412 427 458 465 et
480 420 710 477 Nonum,
737 435 816 476 1v,
843 419 951 473 418.

473 496 613 541 Scatc't
648 487 707 556 (ἦν.
735 495 829 557 41).
861 497 932 540 De
967 495 1116 541 verbo
1152 507 1330 542 scatere
1362 497 1507 543 tertiae
1534 497 1722 559 conjug.
1762 495 1822 541 cf.
1864 496 2120 542 Eum-remis

405 574 599 617 GRAMM.
624 571 753 631 apud
774 572 960 616 Putsch.
982 606 996 629 ,
1027 588 1077 633 p.
1109 573 1251 618 2185.

467 649 802 692 Insinuandum
826 646 887 710 (v.
919 647 1020 711 45).
1046 650 1084 694 Ι.
1110 665 1149 694 e.
1181 650 1490 696 subeundum.

469 725 720 784 Spurcities
752 722 811 785 (v.
840 724 932 788 48).
962 745 982 765 «
1002 726 1233 785 Spurcus,
1260 735 1427 793 ἀσυρής,
1459 727 1564 789 qui,
1588 736 1642 773 ut
1670 727 2005 787 interpretatur
2024 722 2121 772 Po-

406 801 526 862 lyb„
554 816 715 858 xvnl,
747 801 832 858 38,
860 819 903 859 7,
931 800 1162 867 ὁλοσχερῶς
1185 811 1234 859 εἰς
1257 813 1466 869 ἀσέλγειαν
1499 811 1688 861 ἐξώκειλε.
1709 804 1831 850 Vide
1859 804 2120 874 CASAUBON.

407 877 475 920 ad
514 877 829 937 Theophrasti
857 877 1081 933 charact„
1116 895 1162 939 p.
1202 880 1306 925 180.
1336 902 1355 921 »
1392 882 1602 925 cannen.

465 953 531 997 Ec
560 969 666 1013 quoe
687 956 816 998 nullo
845 952 906 1016 (v.
933 952 1027 1015 71).
1056 956 1267 1018 Intellige
1299 958 1573 1013 Chimaeras,
1598 957 1855 1002 Centauros
1871 989 1885 1012 ,
1916 954 2090 1016 Scyllas
2107 988 2119 1009 ‚

406 1029 853 1088 Hermaphroditum
870 1064 883 1086 ‚
910 1038 998 1076 etc.

472 1116 612 1159 Vesci
641 1113 701 1177 (v.
736 1115 835 1179 73).
875 1119 948 1161 «Ι.
982 1133 1021 1161 e.
1052 1117 1236 1175 vivere,
1267 1119 1409 1163 vitam
1446 1119 1630 1176 colere3
1661 1117 1937 1163 secundario
1987 1131 2124 1162 sensu

402 1191 603 1250 dictum,
629 1208 776 1253 quum
811 1193 907 1238 vita
929 1192 1150 1238 nimirum
1175 1194 1291 1239 cibis
1326 1193 1567 1240 vescendis
1588 1201 1892 1255 propagetur.
1920 1193 2042 1239 Vide
2065 1192 2124 1238 sis

402 1269 629 1325 Nommu,
654 1285 703 1313 1v
721 1304 734 1326 ,
766 1269 874 1327 478.
908 1290 927 1310 »
952 1272 1293 1316 WAKEr-mnnff

468 1347 601 1390 Inter
625 1362 675 1391 se
699 1348 828 1391 vesci
851 1362 945 1406 per
955 1347 1160 1391 nomina.
1186 1366 1205 1386 «
1224 1346 1306 1393 Uti
1329 1362 1490 1392 rerum
1522 1345 1790 1392 nominibus
1812 1354 1858 1390 et
1893 1359 2124 1390 sermones

403 1420 611 1467 miscere.
627 1442 646 1463 >›
669 1423 881 1468 CREEcn.

466 1499 653 1543 Natura
665 1500 927 1559 gubernans
944 1497 1006 1562 (v.
1029 1496 1130 1562 78).
1157 1518 1177 1538 «
1191 1500 1279 1543 Per
1292 1506 1511 1543 naturam
1529 1497 1645 1543 nihil
1655 1496 1871 1559 intelligit
1884 1496 2126 1541 Lucretius

402 1584 572 1635 praeter
593 1584 858 1620 atomorum
880 1576 930 1620 in
966 1576 1086 1620 hanc
1121 1574 1287 1620 mundi
1313 1590 1588 1638 compagem
1609 1583 1782 1620 temere
1809 1573 2124 1632 conjectarum

403 1651 495 1696 vim
520 1660 565 1696 et
596 1660 790 1697 motum.
812 1674 830 1693 »
862 1654 1070 1698 CREEcn.

467 1730 705 1790 Morigera
737 1731 806 1774 ad
819 1729 1016 1791 fruges,
1051 1739 1136 1776 etc.
1164 1731 1223 1793 [v.
1258 1728 1353 1792 81).
1381 1731 1452 1775 Eo
1477 1738 1658 1776 tantum
1679 1727 1772 1774 fine
1803 1736 1857 1772 ut
1871 1727 2030 1789 fruges
2053 1735 2122 1771 at-

385 1816 497 1866 *que
528 1805 743 1851 animalia
766 1822 972 1853 crescere
989 1808 1172 1853 faciant.

468 1884 591 1928 Neve
616 1885 778 1944 aliqua
807 1885 974 1929 Divum
1008 1883 1070 1948 (v.
1103 1883 1200 1949 82).
1232 1891 1317 1934 Καὶ
1342 1895 1367 1939 ἦ
1403 1893 1488 1934 Θεία
1511 1893 1622 1948 φύσις
1652 1892 1746 1948 πρὸς
1782 1893 1917 1931 ταῦτα
1946 1882 2121 1943 μηδαμῆ

405 1967 684 2023 προςαγέσθω,
718 1967 822 2010 ἀλλὰ
859 1969 1157 2026 ἀλειτούργητος
1190 1965 1481 2026 διατηρείσθω,
1516 1967 1585 2010 καὶ
1614 1969 1650 2010 ἐν
1687 1973 1738 2024 τῇ
1780 1966 1895 2021 πάσῃ
1930 1963 2121 2020 μακαριό-

406 2047 509 2087 τητι“
532 2045 601 2094 ὡς,
627 2044 659 2085 εἰ
681 2049 798 2085 τοῦτο
824 2046 879 2101 μὴ
905 2046 1209 2101 πραχθήσεται,
1234 2046 1428 2091 &wacon-41
1461 2051 1538 2087 τῶν
1570 2044 1774 2101 μετεώρων
1798 2041 2020 2098 αἰτιολογία.
2049 2055 2125 2096 μα-

408 2118 506 2160 ταία,
538 2120 666 2161 ἔσται,
697 2113 830 2157 Erlc.
863 2114 931 2156 ad
945 2114 1215 2173 Pythoclem
1241 2112 1407 2177 (Diog.
1431 2116 1609 2170 Laert.,
1626 2111 1690 2176 x),
1715 2117 1739 2170 S
1762 2127 1840 2173 97.

475 2187 693 2231 Securum
714 2204 855 2248 agere
880 2205 1028 2233 oevum
1051 2187 1111 2252 (v,
1145 2189 1247 2251 83).
1272 2189 1347 2235 Sic
1380 2191 1557 2247 Horat,
1585 2190 1703 2245 Sat„
1729 2205 1746 2234 1
1763 2222 1777 2246 ‚
1806 2187 1856 2245 5,
1886 2204 1968 2232 101
1998 2204 2008 2231 :

587 2363 769 2373 .....
803 2336 906 2373 Deos
925 2334 1047 2375 didici
1065 2348 1242 2374 securum
1262 2348 1378 2388 agere
1397 2348 1521 2375 aevum
1543 2350 1554 2382 ;

588 2403 691 2450 Nec,
714 2402 746 2441 si
764 2402 860 2455 quid
879 2402 970 2442 miri
987 2403 1104 2444 faciat
1124 2412 1264 2444 natura
1277 2434 1289 2454 ‚
1311 2404 1405 2445 deos
1422 2404 1464 2445 id

597 2469 743 2510 Tristes
761 2483 810 2510 ex
833 2471 910 2511 alto
932 2470 1018 2511 coeli
1040 2471 1245 2512 demittere
1265 2481 1380 2514 tecto.

480 2610 534 2654 Si
556 2618 713 2654 tamen
729 2610 903 2655 interea
925 2611 1153 2655 mirantur·
1166 2609 1229 2674 (v.
1258 2609 1356 2673 84).
1382 2612 1498 2656 Inde
1529 2613 1691 2657 Horat.
1709 2646 1722 2669 ‚
1752 2611 1837 2670 Ep.
1855 2644 1868 2665 ,
1896 2625 1915 2654 1
1931 2643 1945 2667 ‚
1969 2609 1997 2653 6
2015 2644 2029 2667 ,
2060 2625 2078 2654 1
2103 2628 2114 2655 ε

587 2752 654 2791 Nil
676 2751 882 2802 admirari,
903 2766 1027 2807 prope
1049 2766 1111 2792 res
1123 2761 1188 2793 -est
1202 2766 1300 2802 una,
1324 2752 1506 2802 Numici,

584 2820 774 2873 Solaque,
799 2834 884 2874 quae
903 2821 1021 2874 possit
1036 2821 1163 2862 facere
1181 2830 1220 2862 et
1242 2834 1396 2861 servare
1419 2821 1594 2862 beatum.

587 2893 702 2930 Hunc
720 2891 840 2930 solem
854 2920 865 2939 ‚
889 2898 929 2930 et
949 2891 1076 2931 stellas
1088 2922 1099 2941 ‚
1120 2902 1160 2933 et
1176 2891 1407 2932 decedentia
1429 2891 1545 2932 certis

586 2962 782 3013 Tempora
801 2961 1030 3012 momentis,
1050 2968 1140 3002 sunt
1162 2961 1231 3015 qui
1247 2960 1462 3002 :formidine
1484 2961 1590 3002 nulla

586 3027 734 3068 Imbuti
750 3036 938 3082 spectent.

474 3168 698 3211 Domz'nos
730 3184 862 3212 acres
896 3167 955 3230 (v.
983 3167 1079 3230 88).
1111 3171 1291 3230 Nempe
1328 3171 1467 3229 deos,
1497 3187 1616 3232 quos
1647 3188 1717 3227 11,
1752 3187 1868 3232 1091
1908 3171 2118 3216 dominos

410 3243 627 3301 superbos
658 3245 873 3305 appellat.
903 3245 976 3291 Sic
1003 3247 1166 3292 Cicero
1182 3282 1195 3304 ‚
1227 3248 1277 3292 Ν.
1307 3248 1390 3300 D„
1417 3264 1433 3291 1
1451 3283 1464 3304 ‚
1490 3262 1550 3292 20
1577 3264 1587 3292 :
1611 3267 1635 3289 <c
1651 3250 1815 3309 Itaque
1836 3246 2117 3309 imposuistis
