2320 3866
370 258 456 299 ψ
925 241 977 283 Τ.
1015 239 1308 286 LUCRETH
1342 241 1482 286 CARI
1885 206 1935 290 (sl,
1954 240 2068 292 322.)

369 347 570 400 Totum
600 341 844 397 nativum
873 341 1091 398 mortali
1118 364 1347 420 corpore
1377 354 1605 399 constat.

363 446 507 501 Nam
533 442 901 519 quodcunque
933 441 1062 497 alias
1091 463 1157 498 ex
1177 463 1232 498 se
1254 463 1338 498 res
1366 454 1529 519 auget
1555 440 1781 517 alitque,

362 544 620 600 Deminui
649 543 806 599 debet
824 586 838 615 ,
870 542 1107 598 recreari
1139 564 1311 619 quum
1341 544 1532 620 recipit
1562 563 1663 598 res.

442 646 741 714 Praeterea,
773 643 817 698 si
843 640 991 698 nulla
1013 641 1116 697 fuit
1151 640 1402 719 genitalis
1433 644 1587 719 origo

364 741 554 798 Terrai
581 754 636 797 et
668 740 788 819 coeli
807 784 821 812 ,
855 760 1176 817 semperque
1204 753 1404 796 aeterna
1431 740 1614 812 fuere,

365 844 481 897 Cur
510 862 707 917 supera
734 840 938 897 bellum
971 840 1267 908 thebanum
1297 853 1352 895 et
1382 841 1575 896 funera
1601 841 1776 917 Trojae

364 942 494 998 Non
525 940 655 996 alias
683 939 774 996 alii
805 960 1025 1016 quoque
1054 960 1141 995 res
1171 941 1414 996 cecinere
1440 939 1650 1017 poetae?

366 1040 496 1110 Quo
525 1052 608 1095 tot
638 1040 781 1095 facta
801 1040 981 1094 virum
1008 1040 1168 1113 toties
1196 1039 1464 1108 cecidere,
1495 1060 1595 1094 nec
1626 1059 1857 1115 usquam

367 1139 601 1194 AEternis
629 1138 781 1192 famae
809 1137 1176 1192 monumentis
1204 1137 1366 1192 insita
1392 1136 1627 1192 florent?

364 1241 605 1309 Verum,
640 1249 702 1292 ut
735 1237 950 1312 opinor,
979 1235 1142 1291 habet
1175 1237 1476 1291 novitatem
1508 1257 1748 1307 summa,
1782 1253 2078 1310 recensque

362 1339 576 1394 Natura
608 1347 692 1391 est
719 1334 912 1397 mundi
930 1377 945 1401 ,
976 1355 1150 1411 neque
1174 1334 1386 1411 pridem
1418 1334 1640 1390 exordia
1664 1334 1823 1410 cepit.

365 1437 553 1508 Quare
582 1436 745 1491 etiam
776 1436 1024 1512 quaedam
1049 1457 1198 1493 nunc
1228 1449 1369 1493 artes
1396 1435 1768 1514 expoliuntur,

363 1538 531 1593 Nunc
556 1537 718 1591 etiam
752 1550 1079 1614 augescunt3
1110 1558 1256 1594 nunc
1282 1537 1467 1593 addita
1496 1537 1725 1613 navigiis
1754 1546 1909 1590 sunt'

365 1634 573 1705 Multa3
605 1635 769 1690 modo
799 1636 1043 1712 organici
1076 1635 1296 1692 melicos
1327 1656 1586 1713 peperere
1618 1654 1870 1703 sonores;

367 1735 625 1810 Denique
657 1746 851 1790 natura
877 1735 992 1790 haec
1026 1755 1208 1790 rerum
1237 1735 1485 1811 ratioque
1515 1746 1728 1811 reperta
1759 1744 1840 1789 est

370 1835 583 1909 Nuper,
614 1846 667 1889 et
696 1834 839 1890 hanc
867 1836 1075 1910 primus
1110 1855 1235 1890 cum
1266 1835 1455 1911 primis
1486 1835 1602 1911 ipse
1624 1845 1870 1910 repertus

370 1932 529 1988 Nunc
558 1954 659 2010 ego
681 1954 828 2002 sum,
859 1936 915 1989 in
945 1934 1148 2010 patrias
1177 1935 1272 2010 qui
1304 1934 1507 2010 possim
1537 1944 1747 1988 vertere
1776 1952 1953 1987 voces,

448 2031 616 2102 Quod
639 2033 682 2086 si
712 2032 853 2087 forte
879 2031 1043 2087 fuisse
1074 2033 1303 2088 antehac
1328 2031 1514 2088 eadem
1537 2033 1721 2087 omnia
1756 2029 1960 2098 credis;

367 2130 474 2186 Sed
503 2130 728 2206 periisse
752 2130 1041 2185 hominum
1066 2132 1299 2186 torrenti
1327 2129 1486 2187 saecla
1515 2151 1749 2206 vapore,

366 2233 479 2286 Aut
508 2229 765 2285 cecidisse
795 2230 958 2285 urbes
987 2250 1188 2308 magno
1217 2231 1504 2286 vexamine
1537 2229 1729 2284 mundi
1750 2272 1764 2301 ,

366 2332 477 2389 Aut
506 2349 570 2383 ex
601 2329 868 2384 imbribus
896 2329 1124 2385 assiduis
1150 2331 1322 2385 exisse
1355 2350 1579 2406 rapaces

367 2430 471 2484 Per
496 2439 669 2482 terras
698 2447 886 2482 amnes
904 2470 918 2497 ,
953 2440 1118 2503 atque
1149 2428 1354 2504 oppida
1381 2430 1726 2505 cooperuisse
1749 2449 1764 2498 3

367 2529 544 2582 Tanto
575 2528 779 2604 quippe
808 2528 981 2604 magis
1007 2529 1181 2582 victus
1209 2527 1412 2583 fateare
1436 2549 1650 2585 necesse
1683 2542 1763 2584 est
1785 2572 1799 2599 ,

368 2627 610 2682 Exitium
638 2646 859 2702 quoque
887 2627 1051 2682 terrai
1079 2625 1309 2703 coelique
1334 2626 1610 2700 futurum3

368 2727 513 2783 Nam
536 2747 709 2802 quum
739 2746 824 2782 res
854 2726 1018 2782 tantis
1046 2727 1251 2782 morbis
1278 2728 1550 2804 tantisque
1575 2726 1794 2804 periclis

370 2827 754 2896 Tentarentur,
784 2826 860 2881 ibi
891 2827 934 2881 si
966 2827 1172 2882 tristior
1199 2827 1533 2883 incubuisset

372 2927 575 2997 Causa,
608 2926 801 2983 darent
829 2924 936 2983 late
958 2925 1164 2983 cladem
1191 2948 1525 3005 magnasque
1550 2930 1738 2985 ruinas
1769 2950 1781 2983 z

373 3025 489 3082 Nec
517 3026 729 3082 ratione
760 3025 865 3082 alia
895 3026 1149 3084 mortales
1174 3048 1288 3083 esse
1319 3027 1571 3084 videmur

373 3127 527 3180 Inter
549 3147 648 3182 nos
667 3169 681 3197 ,
723 3127 826 3182 nisi
855 3127 1003 3203 quod
1031 3126 1234 3182 morbis
1262 3129 1593 3205 aegriscimus
1621 3127 1792 3184 isdem
1811 3171 1826 3197 ,

376 3225 551 3298 Atque
580 3225 684 3298 illi,
714 3247 848 3302 quos
883 3249 912 3283 a
944 3220 1297 3284 vita‘Natura
1326 3230 1574 3284 removit.
