2320 3866
243 259 297 310 (v.
318 259 457 309 1371·)
685 255 766 299 DE
798 251 1019 298 RERUM
1053 250 1302 305 NATURA
1338 252 1449 296 LIB.
1487 252 1540 294 V.
1846 263 1935 305 207

245 365 431 436 Prata,
465 360 612 418 lacus
628 402 645 430 ,
670 359 843 428 τίνος,
872 366 1077 432 segetes
1092 397 1108 427 ‚
1142 354 1430 431 vinetaque
1459 352 1581 414 laeta

243 460 485 517 Collibus
510 471 565 515 et
588 456 877 532 campisut
901 454 1166 509 haberent
1182 496 1197 526 ‚
1225 466 1389 530 atque
1414 451 1658 509 olearum

153 603 158 608 -
243 558 460 616 Coerula
493 557 826 633 distinguens
861 553 1001 609 inter
1032 552 1195 631 plaga
1225 573 1444 609 currere
1474 541 1657 628 posset

241 661 346 714 Per
372 655 632 728 tumulos,
663 665 718 710 et
746 651 1049 726 convalleS,
1081 673 1411 729 camposque
1439 632 1660 728 profusa
1693 670 1706 703 ι
1770 687 1776 722 ss

242 758 319 814 Ut
345 778 492 813 nunc
523 775 634 811 esse
658 753 808 808 vides
840 754 994 808 vario
1028 753 1282 808 distincta
1317 751 1502 827 lepore

242 857 472 927 Omnia,
505 874 622 930 quae
652 833 828 929 pomis
861 853 1106 908 intersita
1137 850 1387 906 dulcibus
1420 860 1647 916 ornant,

238 955 591 1030 Arbustisque
618 964 806 1009 tenent
835 951 1082 1007 felicibus
1108 951 1284 1006 obsita
1311 948 1539 1004 circum.

316 1055 391 1109 At
418 1051 652 1128 liquidas
681 1052 864 1108 avium
894 1071 1054 1120 voces
1085 1051 1349 1106 imitarier
1377 1069 1471 1104 ore

235 1155 373 1208 Ante
401 1151 504 1207 fuit
538 1150 741 1224 multo,
769 1166 933 1228 quam
962 1149 1116 1207 laevia
1142 1150 1384 1205 carmina
1414 1159 1581 1204 cantu

234 1250 630 1308 Concelebrare
655 1252 908 1307 homines*
930 1262 1180 1328 possent,
1215 1269 1482 1324 auresque
1509 1248 1730 1324 juvare;

232 1353 304 1408 Et
326 1351 560 1428 Zephyri
590 1371 724 1407 cava
746 1371 845 1428 per
869 1349 1207 1407 calamorum
1237 1347 1392 1404 sibila
1420 1347 1661 1425 primum
1712 1339 1723 1344 i

234 1454 486 1528 Agrestes
513 1450 746 1506 docuere
772 1470 931 1506 cavas
958 1450 1150 1505 inflare
1182 1450 1402 1505 cicutas.

234 1548 370 1605 Inde
402 1550 718 1606 minutatim
746 1549 930 1605 dulces
960 1549 1197 1604 didicere
1225 1546 1474 1623 querelas
1494 1590 1509 1616 ,

233 1649 389 1706 Tibia
419 1669 553 1724 quas
586 1648 764 1704 fundit
792 1648 976 1725 digitis
1003 1646 1216 1724 pulsata
1242 1658 1535 1702 canentum
1556 1689 1570 1717 ‚

234 1749 373 1805 Avia
398 1768 496 1825 per
527 1769 776 1819 nemora,
810 1768 873 1804 ac
903 1747 1077 1824 sylvas
1106 1746 1386 1824 saltusque
1414 1760 1630 1825 reperta
1647 1790 1662 1819 ‚

230 1849 334 1911 Per
359 1846 479 1905 loca
505 1860 786 1926 pastorum
820 1847 1034 1904 deserta
1050 1891 1065 1920 ‚
1095 1860 1262 1925 atque
1291 1849 1405 1904 otia
1432 1847 1538 1904 dia.

230 1947 319 2003 Sic
350 1967 519 2003 unum
545 1947 813 2025 quidquid
843 1947 1106 2026 paulatim
1138 1949 1412 2025 protrahit
1443 1961 1570 2006 aetas
1650 1936 1656 1943 ⁵

228 2049 295 2112 In
326 2046 593 2120 medium,
630 2048 880 2124 ratioque
909 2049 966 2103 in
1000 2047 1221 2104 luminis
1244 2032 1401 2105 'eruit
1433 2070 1573 2105 oras.
1599 2102 1604 2106 ,

230 2149 361 2203 Haec
390 2148 600 2202 animos
627 2145 749 2203 ollis
772 2131 1089 2204 mulcebant
1114 2160 1279 2225 atque
1298 2149 1568 2224 juvabant

230 2247 371 2302 Cum
405 2247 594 2303 satiate
621 2246 729 2306 cibi
760 2268 774 2302 ε
805 2267 934 2302 nam
965 2259 1084 2303 tum
1116 2260 1242 2305 sunt
1275 2249 1459 2305 omnia
1492 2248 1663 2305 cordi.

228 2347 380 2422 Saepe
405 2330 596 2426 'itaque
629 2347 773 2402 inter
803 2367 859 2402 se
891 2350 1154 2424 prostrati
1187 2349 1245 2404 in
1281 2350 1526 2426 gramine
1554 2347 1709 2404 molli

228 2447 459 2523 Propter
487 2467 642 2524 aquae
669 2448 872 2518 rivum,
906 2449 1019 2528 sub.
1038 2450 1203 2504 ramis
1233 2449 1443 2506 arboris
1472 2448 1620 2521 altae,

229 2547 354 2603 Non
385 2548 596 2624 magnis
626 2548 821 2625 opibus
846 2548 1090 2625 jucunde
1123 2570 1357 2627 corpora
1386 2545 1695 2620 ha'hebant3

231 2646 534 2702 Praesertim
565 2667 736 2723 quum
771 2659 1060 2725 tempestas
1093 2648 1332 2720 ridebat,
1369 2661 1424 2705 et
1453 2650 1585 2705 anni

230 2746 499 2822 Tempora
526 2749 826 2827 pingebant
854 2749 1151 2807 viridantes
1186 2750 1414 2806 floribus
1447 2749 1644 2806 herbas
1677 2771 1691 2806 :

230 2846 372 2901 Tum
398 2844 545 2921 joca,
578 2860 695 2905 tum
724 2870 932 2923 sermo,
961 2862 1080 2907 tum
1112 2850 1296 2907 dulces
1331 2871 1446 2906 esse
1479 2851 1735 2908 cachinni

231 2946 601 3017 Consuerant‚
627 2954 855 3029 agrestis
882 2954 1028 3012 enim
1055 2965 1174 3009 tum
1205 2955 1369 3009 Musa
1400 2951 1646 3028 vigebat;

230 3048 372 3102 Tum
401 3060 566 3125 caput
591 3061 751 3126 atque
780 3052 1038 3110 humeros
1064 3053 1234 3132 plexis
1265 3051 1520 3108 redimire
1554 3052 1800 3122 coroniS‚

230 3143 480 3203 Floribus
510 3160 564 3204 et
593 3147 734 3206 foliis
767 3149 988 3210 lascivia
1015 3153 1137 3210 laeta
1167 3153 1457 3225 monebat3

233 3248 413 3322 Atque
443 3258 593 3303 extra
626 3270 912 3309 numerum
944 3253 1240 3329 procedere
1275 3252 1517 3310 membra
1547 3266 1825 3311 moventes
