2320 3866
396 216 487 258 ω),
1004 199 1489 247 ADNOTATmNEs

461 294 569 342 Solo
581 293 644 359 (v.
663 290 794 357 926).
811 294 847 339 I.
866 309 905 338 e.
922 294 1083 353 planta
1103 295 1250 356 pedis.
1268 280 1344 341 Sic
1359 298 1514 342 Varro
1526 332 1539 355 ,
1552 298 1612 341 de
1623 299 1676 341 R.
1697 299 1750 342 R.
1762 332 1775 355 ‚
1790 314 1832 356 1,
1857 304 1914 357 47
1943 316 1954 344 :
1973 319 1992 341 «
2007 303 2101 346 So-

393 375 491 418 lum
513 372 636 418 enim
657 370 858 417 hominis
892 370 1085 416 exitium
1106 371 1261 417 herbae
1289 370 1397 436 (est)
1422 383 1469 419 et
1501 373 1672 419 semitae
1695 374 2065 421 fundamentum.
2083 398 2103 418 »

466 452 691 510 Integros.
716 449 751 492 I.
781 463 819 492 e.
845 463 871 492 e
895 447 1067 508 quibus
1090 464 1229 493 nemo
1245 449 1443 496 biberat.
1467 450 1542 496 Sic
1558 452 1745 508 Horat.‚
1769 452 1855 496 Od.
1874 468 1915 510 1,
1937 452 2023 511 26,
2039 452 2068 498 6
2095 470 2106 497 τ

891 585 928 621 O
949 595 1035 635 quae
1048 581 1226 622 fontibus
1242 582 1402 636 integris

951 651 1120 692 Gaudes.

459 783 615 826 Doceo
639 782 699 826 de
722 781 857 846 rebus
879 778 943 844 (v.
970 778 1101 844 930).
1140 781 1476 828 Similiter-Cic.
1493 783 1540 827 in
1570 784 1694 847 Verr.
1712 817 1726 838 ‚
1762 800 1837 842 1v,
1864 785 1919 832 51
1957 802 1968 830 ε
1994 787 2109 833 «Uti

395 858 467 905 de,
487 859 588 917 ejus
610 857 793 917 injuriis
820 856 1003 916 judices
1027 858 1267 903 docerent.
1284 879 1304 899 »
1327 859 1396 904 Cf.
1422 859 1560 904 etiam
1590 861 1692 906 Cic.
1709 896 1723 919 ,
1738 863 1806 905 ad
1825 863 1951 917 Dia,
1980 879 2031 920 v,
2050 864 2076 909 3
2095 881 2109 921 3

396 935 530 992 (ἷκε,
555 937 612 980 Β.
640 935 721 989 G„
746 950 845 991 vu,
876 949 960 992 103
993 934 1140 992 idem,
1173 937 1231 979 B.
1260 935 1334 990 C.,
1362 951 1404 992 1,
1429 936 1472 981 3.

465 1012 569 1055 Non
592 1011 653 1054 ab
674 1012 806 1054 nulla
835 1010 1016 1054 ratione
1045 1007 1109 1072 (v.
1136 1007 1267 1073 934).
1292 1011 1380 1055 Hic
1406 1021 1451 1056 et
1480 1011 1531 1055 in
1553 1013 1660 1057 loco
1675 1015 1899 1072 parallelo
1925 1031 1997 1074 1v,
2027 1031 2108 1074 10,

394 1087 516 1130 valet
536 1086 700 1146 aliqua
723 1086 926 1141 ratione,
951 1100 1043 1128 non
1063 1095 1253 1142 temere,
1277 1100 1337 1130 ex
1358 1087 1527 1131 rariori
1545 1089 1887 1148 praepositionis
1909 1108 2018 1151 usu,
2048 1093 2109 1137 ad

394 1177 536 1222 quem
557 1161 794 1221 pertinent
823 1162 1036 1220 exempla
1058 1161 1271 1221 quaedam
1300 1177 1328 1206 a
1350 1164 1546 1208 Tursell.
1572 1165 1632 1208 de
1642 1177 1803 1223 part„
1827 1183 1875 1227 p.
1902 1184 1928 1212 2
1946 1178 1992 1214 et
2023 1169 2080 1215 16
2094 1203 2108 1227 ‚

393 1239 468 1284 ed.
488 1239 738 1284 Schwartz.
750 1273 764 1296 ,
794 1247 1027 1300 congesta.

464 1316 793 1375 Suaviloquens
832 1312 895 1378 (v.
935 1313 1066 1378 944).
1098 1317 1135 1360 Ι.
1174 1331 1214 1360 e.
1242 1319 1422 1373 ἡδυεπής
1466 1314 1657 1380 (Hom.,
1692 1318 1864 1372 Iliad„
1903 1335 1949 1377 1,
1986 1321 2110 1379 2483

392 1391 610 1448 Hesiod.,
645 1391 814 1452 Theog.
830 1425 845 1446 ,
881 1391 1158 1452 965510203
1183 1393 1346 1450 Pind.,
1367 1394 1553 1454 Olymp.
1583 1409 1638 1451 x,
1674 1394 1786 1451 113;
1809 1396 1966 1453 Nem.‚
1991 1413 2033 1455 1,
2053 1404 2111 1456 43

394 1484 467 1514 vu
480 1503 494 1527 ,
519 1466 617 1532 31),
631 1467 729 1527 jam
752 1469 887 1529 quod
908 1468 1100 1529 quidem
1125 1470 1183 1514 ab
1207 1470 1384 1528 Ennio,
1409 1486 1550 1530 quem
1563 1470 1724 1516 laudat
1740 1470 1833 1517 Cic.
1860 1473 1908 1516 in
1932 1474 2077 1518 Bruto
2093 1507 2110 1529 ,

394 1560 434 1590 c.
471 1544 552 1603 15,
575 1545 625 1589 in
639 1545 834 1590 latinum
850 1560 1111 1607 sermonem
1134 1548 1408 1592 translatum
1424 1555 1513 1605 est,
1529 1555 1591 1604 et,
1613 1555 1729 1592 teste
1753 1548 1903 1593 Gellio
1926 1565 2025 1608 xn,
2058 1565 2084 1594 2

394 1637 423 1666 a
444 1621 668 1668 Cicerone
695 1622 746 1666 in
767 1622 900 1667 libris
928 1623 989 1667 de
1011 1623 1208 1683 Republ.
1238 1632 1534 1683 usurpatum.

462 1701 691 1744 Naturam
705 1714 868 1773 rerum,
888 1714 983 1759 qua
1005 1709 1183 1744 constet
1203 1709 1388 1759 compta
1388 1700 1552 1760 figura
1569 1697 1633 1763 (V.
1656 1697 1788 1763 949).
1805 1701 2112 1747 Hellenismus

395 1778 586 1834 Plauto,
616 1776 863 1834 Terentio,
894 1775 1174 1837 Lucilioque
1212 1776 1462 1822 familiaris.
1487 1776 1563 1823 Sic
1590 1778 1780 1822 Plautus
1805 1777 1855 1822 in
1885 1780 2081 1824 Poenulo
2095 1812 2111 1834 ‚

397 1869 448 1910 v,
476 1868 529 1910 2,
567 1852 656 1898 106
688 1869 701 1897 :
2033 1851 2037 1854 ⁴

2099 1585 2112 1608 ἲ

571 1993 726 2030 Patrem
744 1998 863 2044 atque
879 1998 1045 2031 matrem
1064 1990 1239 2032 viverent
1258 1990 1398 2030 vellem
1419 1990 1519 2030 tibi!

471 2122 558 2166 Vel
582 2123 791 2183 adusque
807 2118 871 2185 (v.
902 2119 1034 2185 956).
1065 2121 1159 2167 Alii
1181 2121 1353 2166 rectius
1382 2130 1617 2182 vasteque.

462 2195 528 2262 (v.
553 2194 686 2262 957.)
712 2198 946 2258 Epicurus
970 2199 1041 2242 ad
1059 2198 1276 2243 Herodot.
1295 2233 1308 2256 ,
1333 2201 1430 2254 §41
1461 2214 1473 2242 ε
1501 2197 1612 2247 Au&
1636 2205 1712 2262 μὴν
1733 2203 1803 2246 καὶ
1829 2205 1875 2247 τὸ
1895 2207 1976 2247 πᾶν
2003 2205 2116 2247 ἄπει-

397 2283 460 2339 ρόν
478 2282 577 2324 ἐστι·
605 2284 651 2324 τὸ
673 2281 748 2339 γὰρ
773 2283 1079 2340 πεπερασμένον
1103 2282 1219 2339 ἄκρον
1255 2282 1349 2338 ἔχει·
1381 2283 1427 2325 τὸ
1462 2278 1511 2324 δὲ
1535 2282 1651 2339 ἄκρον
1676 2285 1774 2334 παρ’
1797 2282 1925 2336 ἔτερόν
1953 2299 1993 2323 τι
2026 2286 2117 2324 Θεω-

398 2359 539 2414 ρεῖται“
568 2357 675 2399 ὥστε
707 2359 776 2400 οὐκ
808 2359 893 2413 ἔχον
921 2358 1036 2415 ἄκρον
1064 2359 1189 2415 πέρας
1218 2360 1286 2401 οὐκ
1305 2359 1409 2414 ἔχει,
1432 2359 1557 2415 πέρας
1576 2354 1625 2400 δὲ
1657 2359 1726 2401 οὐκ
1754 2359 1840 2413 ἔχον
1869 2357 2028 2415 ἄπειρον
2067 2358 2112 2399 ἂν

402 2434 482 2486 εἴη,
503 2432 574 2476 καὶ
598 2435 640 2475 οὐ
662 2435 983 2490 πεπερασμένον.

473 2515 750 2559 Extremum
776 2510 840 2578 (y.
871 2509 1004 2577 959).
1030 2513 1169 2558 Hunc
1190 2514 1349 2558 locum
1376 2514 1441 2559 sic
1469 2513 1805 2574 interpretatur
1831 2513 2075 2560 Creechius
2107 2529 2116 2556 :

401 2610 421 2631 α
435 2592 711 2636 Extremum
738 2605 854 2634 vero
888 2605 988 2634 non
1009 2597 1166 2649 potest
1197 2605 1317 2648 esse,
1343 2589 1433 2635 nisi
1463 2590 1521 2635 sit
1550 2589 1729 2651 aliquid
1744 2598 1874 2635 extra
1902 2588 1954 2633 id
1988 2588 2119 2648 quod

400 2666 620 2712 terminat
641 2663 722 2730 (id
744 2663 1049 2730 extremum),
1079 2681 1139 2711 ex
1167 2682 1265 2727 quo
1279 2666 1434 2711 videri
1458 2667 1626 2726 possit3
1651 2675 1698 2711 et
1718 2667 1840 2710 ultra
1863 2664 1995 2728 quod
2023 2681 2118 2709 no—

402 2752 497 2790 stra
506 2743 702 2790 videndi
716 2744 911 2789 facultas
926 2759 1026 2788 non
1036 2740 1371 2806 progrediatur
1387 2739 1455 2806 (et
1469 2743 1603 2803 quod
1618 2742 1746 2788 sistat
1760 2742 1906 2787 aciem
1923 2738 2082 2804 oculi).
2100 2761 2120 2780 ›»

471 2819 723 2865 Prohibeat
762 2816 827 2884 (v.
858 2817 991 2884 976).
1030 2822 1120 2865 Per
1156 2819 1411 2881 synoeresin
1440 2819 1661 2865 Lucretio
1698 2817 2039 2864 usitatissimam
2067 2827 2122 2862 ut

402 2894 696 2958 trisyllabum
719 2895 1152 2956 pronuntiandum,
1168 2896 1594 2957 quemadmodum,
1617 2911 1704 2954 111,
1728 2896 1823 2957 930
1837 2930 1850 2952 ‚
1880 2905 2052 2941 torreat
2076 2903 2122 2939 et

403 2971 582 3018 similia.
1632 2985 1636 2988 ·

471 3049 667 3111 Finique
687 3045 752 3113 (v.
779 3045 912 3112 977).
941 3049 1189 3096 Lucretius
1220 3049 1473 3094 ablativum
1499 3048 1897 3094 substantivorum
1910 3048 1960 3093 in
1975 3048 2015 3091 is
2031 3046 2118 3091 de—

406 3123 655 3171 sinentium
683 3124 782 3170 sere
803 3140 988 3186 semper
1015 3125 1066 3170 in
1098 3126 1119 3170 i
1151 3123 1338 3171 flectere
1363 3126 1505 3182 solet,
1540 3125 1616 3170 vel
1647 3123 1697 3169 in
1738 3123 1793 3171 iis
1822 3124 2001 3180 verbis,
2037 3120 2120 3165 ubi

408 3199 536 3258 apud
562 3201 677 3247 alios
706 3200 958 3261 scriptores
986 3218 1085 3268 nnn
1106 3201 1195 3248 nisi
1215 3201 1266 3246 in
1288 3218 1315 3247 e
1335 3201 1658 3247 terminantur.
