2320 3866
296 260 298 262 -
387 250 477 280 200
950 236 1504 282 '1*.LUCR1=:TJICAR1
1716 209 1720 212 ’
1866 233 2077 289 (v-ufvx.)

382 336 749 415 Pervolgarit,
780 349 834 392 et
867 358 1083 394 ararum
1111 339 1460 416 compleverit
1493 338 1684 408 urbeS‚
1765 386 1768 388 .

383 436 842 515 Suscipiendaque
872 439 1075 493 curarit
1103 438 1364 494 solemnia
1391 459 1564 510 sacra,

379 537 515 609 Quae
546 557 691 592 nunc
714 537 771 592 in
799 538 1008 614 magnis
1031 536 1227 593 florent
1250 557 1402 593 sacra
1428 534 1579 593 rebu’
1609 535 1877 612 locisque;

379 635 540 692 Unde
572 636 734 691 etiam
761 657 910 692 nunc
938 648 1018 692 est
1047 636 1367 693 mortalibus
1394 638 1586 692 insitus
1616 636 1831 706 horror,
1883 698 1895 702 ,

379 736 493 807 Qui
529 734 750 792 delubra
784 739 963 793 Deum
992 757 1133 793 nova
1167 748 1281 792 toto
1317 738 1538 793 suscitat
1569 736 1690 792 orbi

376 837 699 907 Terrarum,
735 847 789 891 et
817 835 965 891 festis
998 836 1144 912 cogit
1171 834 1443 892 celebrare
1474 835 1692 906 diebuS,

376 935 505 990 Non
540 935 616 989 ita
649 933 870 990 difficile
894 946 971 990 est
1001 936 1267 992 rationem
1297 935 1526 991 reddere
1550 936 1745 990 verbis,

453 1032 675 1108 Quippe
699 1033 899 1086 etenim
916 1033 1030 1106 jam
1060 1045 1175 1087 tum
1201 1035 1408 1088 Divum
1431 1032 1680 1089 mortalia
1704 1032 1856 1089 saecla

374 1130 632 1205 Egregias
662 1130 843 1184 animo
873 1129 1034 1209 facies
1063 1129 1323 1206 vigilante
1351 1130 1644 1201 videbant,

372 1231 441 1284 Et
476 1230 647 1305 magis
677 1229 734 1283 in
763 1230 965 1284 somnis
993 1229 1242 1284 mirando
1274 1219 1518 1305 corporis
1555 1242 1719 1286 auctu
1746 1252 1758 1285 :

371 1328 469 1383 His
499 1328 666 1404 igitur
695 1348 912 1384 sensum
940 1328 1282 1400 tribuebant,
1321 1340 1612 1405 propterea
1641 1328 1791 1404 quod

371 1427 620 1483 Membra
645 1448 865 1484 movere
891 1428 1236 1502 videbantur,
1266 1448 1534 1504 vocesque
1564 1427 1823 1504 superbas

369 1527 621 1599 Mittere,
652 1548 753 1604 pro
780 1527 917 1584 facie
946 1512 1206 1605 praeclara
1232 1540 1286 1583 et
1313 1527 1521 1584 viribus
1551 1525 1760 1603 amplis.

451 1628 837 1703 AEternamque
861 1627 1063 1682 dabant
1085 1628 1281 1699 vitam,
1305 1628 1432 1703 quia
1456 1647 1669 1703 semper
1690 1646 1879 1682 eorum

371 1725 836 1802 Suppeditabatur
858 1726 1020 1782 facies
1036 1771 1050 1793 ‚
1075 1737 1128 1782 et
1150 1726 1326 1781 forma
1348 1726 1605 1781 manebat

371 1825 485 1902 (Et
511 1837 693 1880 manet
719 1824 1005 1902 omnino),
1045 1838 1099 1881 et
1139 1825 1287 1902 quod
1320 1826 1482 1881 tantis
1511 1825 1718 1881 viribus
1753 1836 1939 1881 auctos

369 1925 497 1982 Non
524 1936 724 1980 temere
747 1924 858 1980 ulla
882 1925 936 1980 vi
961 1926 1211 1982 convinci
1235 1946 1394 2002 posse
1419 1925 1708 2002 putabant.

367 2024 733 2099 Fortunisque
766 2023 888 2079 ideo
917 2022 1079 2100 longe
1108 2036 1362 2101 praestare
1394 2025 1662 2100 putabant
1680 2068 1695 2093 ‚

369 2122 539 2194 Quod
566 2123 756 2177 mortis
792 2123 956 2177 timor
979 2122 1129 2178 haud
1156 2143 1487 2199 quemquam
1515 2134 1738 2178 vexaret
1765 2141 1952 2178 eorum
1972 2165 1986 2194 ,

366 2224 438 2277 Et
466 2219 627 2277 simul
658 2221 716 2276 in
743 2222 945 2277 somnis
977 2223 1108 2298 quia
1135 2219 1311 2278 multa
1336 2233 1389 2277 et
1415 2222 1555 2277 mira
1579 2221 1838 2277 videbant

367 2319 620 2391 Efficere,
654 2332 708 2375 et
731 2319 946 2375 nullum
969 2341 1162 2397 capere
1187 2321 1333 2397 ipsos
1357 2320 1484 2377 inde
1508 2319 1767 2376 laborem.

449 2420 747 2489 Praeterea,
783 2416 903 2473 coeli
932 2420 1195 2490 rationeS,
1234 2419 1426 2474 ordine
1463 2431 1614 2475 certo
1631 2463 1647 2490 ,

368 2520 442 2574 Et
467 2517 618 2572 varia
645 2536 915 2571 annorum
940 2517 1238 2572 cernebant
1272 2529 1519 2594 tempora
1542 2519 1712 2589 verti3

368 2618 481 2675 Nec
509 2627 787 2693 poterant,
812 2615 1011 2692 quibus
1042 2615 1098 2670 id
1127 2616 1309 2689 fieret,
1338 2637 1670 2694 cognoscere
1689 2618 1863 2673 causis
1891 2639 1902 2671 :

365 2717 513 2792 Ergo
538 2714 849 2792 perfugium
877 2715 978 2770 sibi
1000 2715 1275 2772 habebant
1299 2718 1483 2772 omnia
1511 2719 1669 2774 Divis

367 2814 638 2887 Tradere,
668 2826 722 2870 et
747 2813 967 2870 illorum
996 2826 1135 2871 nutu
1165 2815 1339 2872 facere
1373 2817 1555 2872 omnia
1586 2816 1746 2873 flecti.

443 2917 510 2969 In
537 2913 779 2992 coeloque
801 2917 984 2971 Deum
1006 2915 1155 2991 sedes
1183 2929 1238 2972 et
1263 2915 1464 2993 templa
1490 2915 1766 2997 locarunt,

366 3014 472 3068 Per
494 3011 691 3071 coelum
718 3013 864 3070 volvi
891 3015 1018 3090 quia
1041 3014 1121 3071 sol
1150 3027 1204 3072 et
1230 3015 1360 3071 luna
1383 3015 1658 3086 videntur,

366 3112 549 3185 Luna,
579 3112 724 3183 dies,
760 3126 815 3169 et
852 3135 991 3187 nox,
1024 3127 1078 3171 et
1107 3117 1282 3172 noctis
1309 3117 1463 3193 signa
1493 3138 1702 3188 severa,

370 3209 792 3289 Noctivagaeque
816 3213 955 3270 faces
978 3213 1097 3271 coeli
1112 3258 1127 3288 ,
1154 3214 1491 3293 flammaeque
1515 3215 1786 3287 volanteS,
