<?xml version="1.0" encoding="UTF-8"?>
<!DOCTYPE html PUBLIC "-//W3C//DTD XHTML 1.0 Transitional//EN"
    "http://www.w3.org/TR/xhtml1/DTD/xhtml1-transitional.dtd">
<html xmlns="http://www.w3.org/1999/xhtml" xml:lang="en" lang="en">
 <head>
  <title>
</title>
<meta http-equiv="Content-Type" content="text/html;charset=utf-8" />
  <meta name='ocr-system' content='tesseract 3.04.00' />
  <meta name='ocr-capabilities' content='ocr_page ocr_carea ocr_par ocr_line ocrx_word'/>
</head>
<body>
  <div class='ocr_page' id='page_1' title='image "./dererumnaturali00lucruoft_0295.png"; bbox 0 0 2320 3866; ppageno 0'>
   <div class='ocr_carea' id='block_1_1' title="bbox 800 274 1892 339">
    <p class='ocr_par' dir='ltr' id='par_1_1' title="bbox 800 274 1892 339">
     <span class='ocr_line' id='line_1_1' title="bbox 800 274 1892 339; baseline 0.007 -20"><span class='ocrx_word' id='word_1_1' title='bbox 800 274 868 319; x_wconf 79' lang='lat' dir='ltr'>m</span> <span class='ocrx_word' id='word_1_2' title='bbox 900 275 1279 322; x_wconf 81' lang='lat' dir='ltr'>LUCRETHJM.</span> <span class='ocrx_word' id='word_1_3' title='bbox 1801 284 1892 339; x_wconf 82' lang='lat'>275</span> 
     </span>
    </p>
   </div>
   <div class='ocr_carea' id='block_1_2' title="bbox 194 367 1895 438">
    <p class='ocr_par' dir='ltr' id='par_1_2' title="bbox 194 367 1895 438">
     <span class='ocr_line' id='line_1_2' title="bbox 194 367 1895 438; baseline 0.007 -25"><span class='ocrx_word' id='word_1_4' title='bbox 194 378 340 434; x_wconf 64' lang='grc' dir='ltr'>βῶμεν</span> <span class='ocrx_word' id='word_1_5' title='bbox 363 371 423 415; x_wconf 84' lang='lat' dir='ltr'>Et</span> <span class='ocrx_word' id='word_1_6' title='bbox 450 384 640 427; x_wconf 82' lang='lat' dir='ltr'>rursus,</span> <span class='ocrx_word' id='word_1_7' title='bbox 672 367 780 414; x_wconf 65' lang='lat' dir='ltr'>ibid·</span> <span class='ocrx_word' id='word_1_8' title='bbox 810 385 822 396; x_wconf 84' lang='lat'><strong>·</strong></span> <span class='ocrx_word' id='word_1_9' title='bbox 845 377 924 422; x_wconf 70' lang='grc' dir='ltr'>Τὴν</span> <span class='ocrx_word' id='word_1_10' title='bbox 960 373 1106 424; x_wconf 71' lang='grc' dir='ltr'>ἡδονὴν</span> <span class='ocrx_word' id='word_1_11' title='bbox 1137 379 1259 436; x_wconf 80' lang='grc' dir='ltr'>ἀρχὴν</span> <span class='ocrx_word' id='word_1_12' title='bbox 1284 378 1353 422; x_wconf 82' lang='grc' dir='ltr'>καὶ</span> <span class='ocrx_word' id='word_1_13' title='bbox 1383 381 1492 430; x_wconf 83' lang='grc' dir='ltr'>τέλος</span> <span class='ocrx_word' id='word_1_14' title='bbox 1511 381 1675 438; x_wconf 76' lang='grc' dir='ltr'>λέγομεν</span> <span class='ocrx_word' id='word_1_15' title='bbox 1701 375 1801 425; x_wconf 78' lang='grc' dir='ltr'>εἶναι</span> <span class='ocrx_word' id='word_1_16' title='bbox 1824 390 1895 426; x_wconf 81' lang='grc' dir='ltr'>τοῦ</span> 
     </span>
    </p>
   </div>
   <div class='ocr_carea' id='block_1_3' title="bbox 174 455 1895 1196">
    <p class='ocr_par' dir='ltr' id='par_1_3' title="bbox 174 455 1895 740">
     <span class='ocr_line' id='line_1_3' title="bbox 192 455 1548 513; baseline 0.001 -17"><span class='ocrx_word' id='word_1_17' title='bbox 192 455 397 512; x_wconf 76' lang='grc' dir='ltr'>μακαρίως</span> <span class='ocrx_word' id='word_1_18' title='bbox 419 456 500 513; x_wconf 77' lang='grc' dir='ltr'><strong>ζῇν.</strong></span> <span class='ocrx_word' id='word_1_19' title='bbox 1545 494 1548 498; x_wconf 91' lang='grc'><strong>.</strong></span> 
     </span>
     <span class='ocr_line' id='line_1_4' title="bbox 174 494 1895 592; baseline 0.001 -23"><span class='ocrx_word' id='word_1_20' title='bbox 174 587 180 592; x_wconf 30' lang='grc'>,</span> <span class='ocrx_word' id='word_1_21' title='bbox 256 525 430 570; x_wconf 81' lang='lat' dir='ltr'>Versus</span> <span class='ocrx_word' id='word_1_22' title='bbox 454 540 517 570; x_wconf 76' lang='lat'>20</span> <span class='ocrx_word' id='word_1_23' title='bbox 539 540 640 585; x_wconf 88' lang='lat' dir='ltr'><strong>sqq.</strong></span> <span class='ocrx_word' id='word_1_24' title='bbox 657 522 721 568; x_wconf 86' lang='lat' dir='ltr'>sic</span> <span class='ocrx_word' id='word_1_25' title='bbox 745 494 1082 582; x_wconf 84' lang='lat' dir='ltr'>interpretatur</span> <span class='ocrx_word' id='word_1_26' title='bbox 1104 525 1388 571; x_wconf 87' lang='lat' dir='ltr'>Creechius.</span> <span class='ocrx_word' id='word_1_27' title='bbox 1412 544 1432 568; x_wconf 84' lang='grc'>«</span> <span class='ocrx_word' id='word_1_28' title='bbox 1454 529 1607 572; x_wconf 89' lang='lat' dir='ltr'>Pauca</span> <span class='ocrx_word' id='word_1_29' title='bbox 1629 525 1895 584; x_wconf 87' lang='lat' dir='ltr'>sufficiunt,</span> 
     </span>
     <span class='ocr_line' id='line_1_5' title="bbox 190 598 1895 665; baseline 0.002 -21"><span class='ocrx_word' id='word_1_30' title='bbox 190 609 243 644; x_wconf 82' lang='lat' dir='ltr'>ut</span> <span class='ocrx_word' id='word_1_31' title='bbox 269 617 440 662; x_wconf 90' lang='lat' dir='ltr'>corpus</span> <span class='ocrx_word' id='word_1_32' title='bbox 461 602 559 648; x_wconf 88' lang='lat' dir='ltr'>sine</span> <span class='ocrx_word' id='word_1_33' title='bbox 581 601 746 646; x_wconf 86' lang='lat' dir='ltr'>dolore</span> <span class='ocrx_word' id='word_1_34' title='bbox 767 598 850 656; x_wconf 88' lang='lat' dir='ltr'>sit,</span> <span class='ocrx_word' id='word_1_35' title='bbox 873 600 969 646; x_wconf 89' lang='lat' dir='ltr'>imo</span> <span class='ocrx_word' id='word_1_36' title='bbox 989 603 1136 647; x_wconf 89' lang='lat' dir='ltr'>multa</span> <span class='ocrx_word' id='word_1_37' title='bbox 1156 603 1398 663; x_wconf 83' lang='lat' dir='ltr'>voluptate</span> <span class='ocrx_word' id='word_1_38' title='bbox 1420 603 1630 664; x_wconf 84' lang='lat' dir='ltr'>fruatur,</span> <span class='ocrx_word' id='word_1_39' title='bbox 1656 613 1703 650; x_wconf 86' lang='lat' dir='ltr'>et</span> <span class='ocrx_word' id='word_1_40' title='bbox 1725 603 1895 665; x_wconf 88' lang='lat' dir='ltr'>quibus</span> 
     </span>
     <span class='ocr_line' id='line_1_6' title="bbox 188 676 1208 740; baseline -0.003 -17"><span class='ocrx_word' id='word_1_41' title='bbox 188 677 305 723; x_wconf 86' lang='lat' dir='ltr'>nihil</span> <span class='ocrx_word' id='word_1_42' title='bbox 325 677 416 723; x_wconf 90' lang='lat' dir='ltr'>sibi</span> <span class='ocrx_word' id='word_1_43' title='bbox 442 678 618 740; x_wconf 81' lang='lat' dir='ltr'>gratius</span> <span class='ocrx_word' id='word_1_44' title='bbox 645 683 811 720; x_wconf 83' lang='lat' dir='ltr'>natura</span> <span class='ocrx_word' id='word_1_45' title='bbox 831 676 933 736; x_wconf 88' lang='lat' dir='ltr'>ipsa</span> <span class='ocrx_word' id='word_1_46' title='bbox 951 679 1172 737; x_wconf 91' lang='lat' dir='ltr'>postulat.</span> <span class='ocrx_word' id='word_1_47' title='bbox 1188 698 1208 719; x_wconf 83' lang='lat'>»</span> 
     </span>
    </p>

    <p class='ocr_par' dir='ltr' id='par_1_4' title="bbox 252 752 1254 812">
     <span class='ocr_line' id='line_1_7' title="bbox 252 752 1254 812; baseline 0 -14"><span class='ocrx_word' id='word_1_48' title='bbox 252 754 559 799; x_wconf 75' lang='lat' dir='ltr'>Substemem.</span> <span class='ocrx_word' id='word_1_49' title='bbox 587 754 630 797; x_wconf 95' lang='grc' dir='ltr'>-Ῑ.</span> <span class='ocrx_word' id='word_1_50' title='bbox 654 768 692 797; x_wconf 92' lang='lat' dir='ltr'>e</span> <span class='ocrx_word' id='word_1_51' title='bbox 723 752 1100 812; x_wconf 86' lang='lat' dir='ltr'>subministrare,</span> <span class='ocrx_word' id='word_1_52' title='bbox 1128 753 1254 799; x_wconf 86' lang='lat' dir='ltr'>dare.</span> 
     </span>
    </p>

    <p class='ocr_par' dir='ltr' id='par_1_5' title="bbox 259 825 1444 893">
     <span class='ocr_line' id='line_1_8' title="bbox 259 825 1444 893; baseline -0.001 -18"><span class='ocrx_word' id='word_1_53' title='bbox 259 830 458 891; x_wconf 86' lang='lat' dir='ltr'>Templa</span> <span class='ocrx_word' id='word_1_54' title='bbox 483 826 547 893; x_wconf 80' lang='lat' dir='ltr'>(v.</span> <span class='ocrx_word' id='word_1_55' title='bbox 580 825 686 892; x_wconf 79' lang='lat'>28).</span> <span class='ocrx_word' id='word_1_56' title='bbox 712 829 781 874; x_wconf 88' lang='lat' dir='ltr'>Cf.</span> <span class='ocrx_word' id='word_1_57' title='bbox 806 844 911 890; x_wconf 85' lang='lat' dir='ltr'>quae</span> <span class='ocrx_word' id='word_1_58' title='bbox 946 828 1149 874; x_wconf 86' lang='lat' dir='ltr'><strong>diximus</strong></span> <span class='ocrx_word' id='word_1_59' title='bbox 1178 829 1240 874; x_wconf 86' lang='lat' dir='ltr'>ad</span> <span class='ocrx_word' id='word_1_60' title='bbox 1263 844 1309 887; x_wconf 87' lang='lat'>1,</span> <span class='ocrx_word' id='word_1_61' title='bbox 1339 845 1444 874; x_wconf 84' lang='lat'>121.</span> 
     </span>
    </p>

    <p class='ocr_par' dir='ltr' id='par_1_6' title="bbox 184 900 1894 1196">
     <span class='ocr_line' id='line_1_9' title="bbox 252 900 1894 970; baseline 0.001 -20"><span class='ocrx_word' id='word_1_62' title='bbox 252 906 362 950; x_wconf 82' lang='lat' dir='ltr'>Non</span> <span class='ocrx_word' id='word_1_63' title='bbox 389 904 573 966; x_wconf 73' lang='lat' dir='ltr'>magni-s·</span> <span class='ocrx_word' id='word_1_64' title='bbox 607 905 770 964; x_wconf 79' lang='lat' dir='ltr'>opibus</span> <span class='ocrx_word' id='word_1_65' title='bbox 806 902 873 969; x_wconf 84' lang='lat' dir='ltr'>(v.</span> <span class='ocrx_word' id='word_1_66' title='bbox 907 903 1003 968; x_wconf 80' lang='lat'>31).</span> <span class='ocrx_word' id='word_1_67' title='bbox 1036 905 1270 965; x_wconf 84' lang='lat' dir='ltr'>Epicurus</span> <span class='ocrx_word' id='word_1_68' title='bbox 1292 906 1362 950; x_wconf 90' lang='lat' dir='ltr'>ad</span> <span class='ocrx_word' id='word_1_69' title='bbox 1394 900 1684 952; x_wconf 81' lang='lat' dir='ltr'>Menoeceum</span> <span class='ocrx_word' id='word_1_70' title='bbox 1719 904 1894 970; x_wconf 85' lang='lat' dir='ltr'>(Diog.</span> 
     </span>
     <span class='ocr_line' id='line_1_10' title="bbox 185 978 1892 1048; baseline 0.002 -18"><span class='ocrx_word' id='word_1_71' title='bbox 185 982 367 1039; x_wconf 87' lang='lat' dir='ltr'>Laert.‚</span> <span class='ocrx_word' id='word_1_72' title='bbox 401 978 476 1044; x_wconf 74' lang='grc' dir='ltr'>Χ),</span> <span class='ocrx_word' id='word_1_73' title='bbox 515 983 539 1037; x_wconf 73' lang='lat' dir='ltr'>S</span> <span class='ocrx_word' id='word_1_74' title='bbox 577 981 662 1026; x_wconf 80' lang='lat'>131</span> <span class='ocrx_word' id='word_1_75' title='bbox 693 998 704 1025; x_wconf 71' lang='grc' dir='ltr'><strong>ἔ</strong></span> <span class='ocrx_word' id='word_1_76' title='bbox 739 987 825 1031; x_wconf 80' lang='grc' dir='ltr'>Καὶ</span> <span class='ocrx_word' id='word_1_77' title='bbox 854 989 966 1045; x_wconf 78' lang='grc' dir='ltr'>μάζα</span> <span class='ocrx_word' id='word_1_78' title='bbox 995 988 1066 1031; x_wconf 76' lang='grc' dir='ltr'>καὶ</span> <span class='ocrx_word' id='word_1_79' title='bbox 1110 985 1217 1047; x_wconf 67' lang='grc' dir='ltr'>ὕδωρ</span> <span class='ocrx_word' id='word_1_80' title='bbox 1265 990 1336 1036; x_wconf 76' lang='grc' dir='ltr'>τὴν</span> <span class='ocrx_word' id='word_1_81' title='bbox 1372 990 1596 1048; x_wconf 80' lang='grc' dir='ltr'>ἀκροτάτην</span> <span class='ocrx_word' id='word_1_82' title='bbox 1635 986 1892 1034; x_wconf 66' lang='grc' dir='ltr'>ἀποδίδωσιν</span> 
     </span>
     <span class='ocr_line' id='line_1_11' title="bbox 184 1059 1820 1119; baseline 0.001 -14"><span class='ocrx_word' id='word_1_83' title='bbox 184 1059 345 1111; x_wconf 57' lang='grc' dir='ltr'><strong>ἡδονήν.</strong></span> <span class='ocrx_word' id='word_1_84' title='bbox 1816 1116 1820 1119; x_wconf 35' lang='grc'><strong>,</strong></span> 
     </span>
     <span class='ocr_line' id='line_1_12' title="bbox 250 1130 1840 1196; baseline 0.001 -18"><span class='ocrx_word' id='word_1_85' title='bbox 250 1131 313 1196; x_wconf 75' lang='lat' dir='ltr'>(v.</span> <span class='ocrx_word' id='word_1_86' title='bbox 339 1130 437 1196; x_wconf 83' lang='grc'>34.)</span> <span class='ocrx_word' id='word_1_87' title='bbox 470 1134 608 1180; x_wconf 88' lang='lat' dir='ltr'>Hunc</span> <span class='ocrx_word' id='word_1_88' title='bbox 629 1134 786 1179; x_wconf 91' lang='lat' dir='ltr'>locum</span> <span class='ocrx_word' id='word_1_89' title='bbox 809 1134 1013 1179; x_wconf 87' lang='lat' dir='ltr'>imitatus</span> <span class='ocrx_word' id='word_1_90' title='bbox 1044 1143 1112 1180; x_wconf 90' lang='lat' dir='ltr'>est</span> <span class='ocrx_word' id='word_1_91' title='bbox 1136 1133 1382 1194; x_wconf 81' lang='lat' dir='ltr'>Horatius,</span> <span class='ocrx_word' id='word_1_92' title='bbox 1406 1136 1554 1196; x_wconf 76' lang='lat' dir='ltr'>Epist.</span> <span class='ocrx_word' id='word_1_93' title='bbox 1588 1152 1634 1193; x_wconf 91' lang='lat'>1,</span> <span class='ocrx_word' id='word_1_94' title='bbox 1666 1151 1718 1193; x_wconf 79' lang='lat'>2,</span> <span class='ocrx_word' id='word_1_95' title='bbox 1744 1142 1801 1193; x_wconf 87' lang='grc'>47</span> <span class='ocrx_word' id='word_1_96' title='bbox 1829 1151 1840 1179; x_wconf 90' lang='lat'><strong>:</strong></span> 
     </span>
    </p>
   </div>
   <div class='ocr_carea' id='block_1_4' title="bbox 298 1251 1413 1431">
    <p class='ocr_par' dir='ltr' id='par_1_7' title="bbox 298 1251 1413 1431">
     <span class='ocr_line' id='line_1_13' title="bbox 298 1251 1413 1306; baseline 0.002 -15"><span class='ocrx_word' id='word_1_97' title='bbox 298 1257 300 1259; x_wconf 76' lang='grc'><strong><em>’</em></strong></span> <span class='ocrx_word' id='word_1_98' title='bbox 354 1252 447 1291; x_wconf 83' lang='grc' dir='ltr'>Νοιι</span> <span class='ocrx_word' id='word_1_99' title='bbox 470 1251 608 1292; x_wconf 90' lang='lat' dir='ltr'>domus</span> <span class='ocrx_word' id='word_1_100' title='bbox 630 1259 669 1306; x_wconf 72' lang='lat' dir='ltr'>et</span> <span class='ocrx_word' id='word_1_101' title='bbox 688 1251 857 1301; x_wconf 80' lang='lat' dir='ltr'>fundus,</span> <span class='ocrx_word' id='word_1_102' title='bbox 877 1265 959 1292; x_wconf 90' lang='lat' dir='ltr'>non</span> <span class='ocrx_word' id='word_1_103' title='bbox 977 1251 1063 1292; x_wconf 87' lang='lat' dir='ltr'>aeris</span> <span class='ocrx_word' id='word_1_104' title='bbox 1081 1265 1240 1293; x_wconf 83' lang='lat' dir='ltr'>acervus</span> <span class='ocrx_word' id='word_1_105' title='bbox 1263 1260 1304 1293; x_wconf 91' lang='lat' dir='ltr'>et</span> <span class='ocrx_word' id='word_1_106' title='bbox 1325 1252 1413 1298; x_wconf 76' lang='lat' dir='ltr'>auti</span> 
     </span>
     <span class='ocr_line' id='line_1_14' title="bbox 353 1320 1218 1375; baseline 0.002 -15"><span class='ocrx_word' id='word_1_107' title='bbox 353 1323 515 1373; x_wconf 79' lang='lat' dir='ltr'>AEgroto</span> <span class='ocrx_word' id='word_1_108' title='bbox 535 1320 688 1361; x_wconf 89' lang='lat' dir='ltr'>domini</span> <span class='ocrx_word' id='word_1_109' title='bbox 706 1320 870 1362; x_wconf 80' lang='lat' dir='ltr'>deduxit</span> <span class='ocrx_word' id='word_1_110' title='bbox 886 1335 1050 1375; x_wconf 82' lang='lat' dir='ltr'>corpore</span> <span class='ocrx_word' id='word_1_111' title='bbox 1068 1321 1218 1370; x_wconf 83' lang='lat' dir='ltr'>febres,</span> 
     </span>
     <span class='ocr_line' id='line_1_15' title="bbox 353 1389 1040 1431; baseline 0 0"><span class='ocrx_word' id='word_1_112' title='bbox 353 1391 448 1431; x_wconf 82' lang='lat' dir='ltr'>Non</span> <span class='ocrx_word' id='word_1_113' title='bbox 464 1389 595 1430; x_wconf 86' lang='lat' dir='ltr'>animo</span> <span class='ocrx_word' id='word_1_114' title='bbox 612 1403 738 1431; x_wconf 84' lang='lat' dir='ltr'>curas.</span> <span class='ocrx_word' id='word_1_115' title='bbox 1035 1404 1040 1408; x_wconf 81' lang='grc'><strong>’</strong></span> 
     </span>
    </p>
   </div>
   <div class='ocr_carea' id='block_1_5' title="bbox 180 1503 1893 1643">
    <p class='ocr_par' dir='ltr' id='par_1_8' title="bbox 180 1503 1893 1643">
     <span class='ocr_line' id='line_1_16' title="bbox 254 1503 1888 1570; baseline -0.001 -20"><span class='ocrx_word' id='word_1_116' title='bbox 254 1504 526 1564; x_wconf 83' lang='lat' dir='ltr'>Timefactoe</span> <span class='ocrx_word' id='word_1_117' title='bbox 549 1503 613 1570; x_wconf 86' lang='lat' dir='ltr'>(v.</span> <span class='ocrx_word' id='word_1_118' title='bbox 652 1504 747 1570; x_wconf 80' lang='grc'>43).</span> <span class='ocrx_word' id='word_1_119' title='bbox 771 1507 871 1552; x_wconf 89' lang='lat' dir='ltr'>Hac</span> <span class='ocrx_word' id='word_1_120' title='bbox 903 1522 1020 1552; x_wconf 89' lang='lat' dir='ltr'>voce</span> <span class='ocrx_word' id='word_1_121' title='bbox 1049 1505 1199 1551; x_wconf 84' lang='lat' dir='ltr'>utitur</span> <span class='ocrx_word' id='word_1_122' title='bbox 1231 1507 1438 1563; x_wconf 88' lang='lat' dir='ltr'>Tullius,</span> <span class='ocrx_word' id='word_1_123' title='bbox 1467 1507 1541 1552; x_wconf 78' lang='lat' dir='ltr'>de¹</span> <span class='ocrx_word' id='word_1_124' title='bbox 1567 1504 1669 1563; x_wconf 75' lang='lat' dir='ltr'>Off</span> <span class='ocrx_word' id='word_1_125' title='bbox 1695 1521 1752 1549; x_wconf 92' lang='lat'>11.</span> <span class='ocrx_word' id='word_1_126' title='bbox 1785 1506 1888 1548; x_wconf 82' lang='lat' dir='ltr'>Du-</span> 
     </span>
     <span class='ocr_line' id='line_1_17' title="bbox 180 1577 1893 1643; baseline -0.001 -17"><span class='ocrx_word' id='word_1_127' title='bbox 180 1582 294 1642; x_wconf 87' lang='lat' dir='ltr'><strong>plici</strong></span> <span class='ocrx_word' id='word_1_128' title='bbox 321 1581 529 1642; x_wconf 86' lang='lat' dir='ltr'>epitheto</span> <span class='ocrx_word' id='word_1_129' title='bbox 560 1581 861 1640; x_wconf 63' lang='lat' dir='ltr'>timefactae...</span> <span class='ocrx_word' id='word_1_130' title='bbox 869 1583 1066 1643; x_wconf 76' lang='lat' dir='ltr'>pavidoe</span> <span class='ocrx_word' id='word_1_131' title='bbox 1093 1591 1265 1628; x_wconf 85' lang='lat' dir='ltr'>temere</span> <span class='ocrx_word' id='word_1_132' title='bbox 1293 1582 1499 1627; x_wconf 86' lang='lat' dir='ltr'>offensus</span> <span class='ocrx_word' id='word_1_133' title='bbox 1522 1581 1673 1626; x_wconf 83' lang='lat' dir='ltr'><strong>Faber</strong></span> <span class='ocrx_word' id='word_1_134' title='bbox 1694 1577 1821 1643; x_wconf 87' lang='lat' dir='ltr'>(vide</span> <span class='ocrx_word' id='word_1_135' title='bbox 1847 1596 1866 1624; x_wconf 92' lang='lat'>1</span> <span class='ocrx_word' id='word_1_136' title='bbox 1881 1615 1893 1638; x_wconf 86' lang='lat'><strong><em>,</em></strong></span> 
     </span>
    </p>
   </div>
   <div class='ocr_carea' id='block_1_6' title="bbox 183 1655 1401 1722">
    <p class='ocr_par' dir='ltr' id='par_1_9' title="bbox 183 1655 1401 1722">
     <span class='ocr_line' id='line_1_18' title="bbox 183 1655 1401 1722; baseline 0.001 -21"><span class='ocrx_word' id='word_1_137' title='bbox 183 1658 303 1717; x_wconf 81' lang='lat'><strong>258,</strong></span> <span class='ocrx_word' id='word_1_138' title='bbox 337 1657 544 1720; x_wconf 82' lang='lat'>295311,</span> <span class='ocrx_word' id='word_1_139' title='bbox 578 1673 669 1716; x_wconf 81' lang='lat'>217</span> <span class='ocrx_word' id='word_1_140' title='bbox 705 1667 751 1703; x_wconf 90' lang='lat' dir='ltr'>et</span> <span class='ocrx_word' id='word_1_141' title='bbox 778 1655 910 1722; x_wconf 85' lang='lat' dir='ltr'>alibi)</span> <span class='ocrx_word' id='word_1_142' title='bbox 939 1657 1191 1720; x_wconf 85' lang='lat' dir='ltr'>legendum</span> <span class='ocrx_word' id='word_1_143' title='bbox 1221 1657 1363 1702; x_wconf 86' lang='lat' dir='ltr'>suasit</span> <span class='ocrx_word' id='word_1_144' title='bbox 1390 1674 1401 1701; x_wconf 74' lang='grc' dir='ltr'><strong><em>ε</em></strong></span> 
     </span>
    </p>
   </div>
   <div class='ocr_carea' id='block_1_7' title="bbox 351 1774 1303 1967">
    <p class='ocr_par' dir='ltr' id='par_1_10' title="bbox 351 1774 1303 1967">
     <span class='ocr_line' id='line_1_19' title="bbox 353 1774 1234 1829; baseline -0.002 -13"><span class='ocrx_word' id='word_1_145' title='bbox 353 1776 425 1816; x_wconf 85' lang='lat' dir='ltr'>His</span> <span class='ocrx_word' id='word_1_146' title='bbox 446 1775 522 1816; x_wconf 88' lang='lat' dir='ltr'>tibi</span> <span class='ocrx_word' id='word_1_147' title='bbox 540 1783 626 1816; x_wconf 87' lang='lat' dir='ltr'>tum</span> <span class='ocrx_word' id='word_1_148' title='bbox 642 1775 761 1816; x_wconf 85' lang='lat' dir='ltr'>rebus</span> <span class='ocrx_word' id='word_1_149' title='bbox 782 1774 993 1829; x_wconf 72' lang='lat' dir='ltr'>pavefactae</span> <span class='ocrx_word' id='word_1_150' title='bbox 1011 1774 1234 1828; x_wconf 84' lang='lat' dir='ltr'>relligiones</span> 
     </span>
     <span class='ocr_line' id='line_1_20' title="bbox 352 1843 1303 1898; baseline 0 -14"><span class='ocrx_word' id='word_1_151' title='bbox 352 1843 551 1897; x_wconf 78' lang='lat' dir='ltr'>Effugiant</span> <span class='ocrx_word' id='word_1_152' title='bbox 573 1843 727 1894; x_wconf 86' lang='lat' dir='ltr'>animo,</span> <span class='ocrx_word' id='word_1_153' title='bbox 750 1843 885 1898; x_wconf 86' lang='lat' dir='ltr'>pavidi</span> <span class='ocrx_word' id='word_1_154' title='bbox 905 1844 1121 1898; x_wconf 85' lang='lat' dir='ltr'>mortisque</span> <span class='ocrx_word' id='word_1_155' title='bbox 1141 1844 1303 1885; x_wconf 87' lang='lat' dir='ltr'>timores</span> 
     </span>
     <span class='ocr_line' id='line_1_21' title="bbox 351 1912 1009 1967; baseline -0.002 -14"><span class='ocrx_word' id='word_1_156' title='bbox 351 1916 456 1953; x_wconf 86' lang='lat' dir='ltr'>Tum</span> <span class='ocrx_word' id='word_1_157' title='bbox 472 1926 637 1954; x_wconf 85' lang='lat' dir='ltr'>vacuum</span> <span class='ocrx_word' id='word_1_158' title='bbox 655 1920 790 1967; x_wconf 81' lang='lat' dir='ltr'>pectus</span> <span class='ocrx_word' id='word_1_159' title='bbox 808 1912 1009 1966; x_wconf 88' lang='lat' dir='ltr'>linquunt.</span> 
     </span>
    </p>
   </div>
   <div class='ocr_carea' id='block_1_8' title="bbox 243 2018 1892 2085">
    <p class='ocr_par' dir='ltr' id='par_1_11' title="bbox 243 2018 1892 2085">
     <span class='ocr_line' id='line_1_22' title="bbox 243 2018 1892 2085; baseline -0.002 -18"><span class='ocrx_word' id='word_1_160' title='bbox 243 2023 487 2084; x_wconf 78' lang='lat' dir='ltr'>Fulgorem</span> <span class='ocrx_word' id='word_1_161' title='bbox 509 2023 571 2066; x_wconf 86' lang='lat' dir='ltr'>ab</span> <span class='ocrx_word' id='word_1_162' title='bbox 593 2038 709 2067; x_wconf 83' lang='lat' dir='ltr'>auro</span> <span class='ocrx_word' id='word_1_163' title='bbox 726 2019 789 2085; x_wconf 82' lang='lat' dir='ltr'>(v.</span> <span class='ocrx_word' id='word_1_164' title='bbox 815 2018 910 2084; x_wconf 75' lang='lat'>50),</span> <span class='ocrx_word' id='word_1_165' title='bbox 941 2023 977 2066; x_wconf 94' lang='grc' dir='ltr'>Ι.</span> <span class='ocrx_word' id='word_1_166' title='bbox 1003 2037 1043 2067; x_wconf 91' lang='lat' dir='ltr'>e.</span> <span class='ocrx_word' id='word_1_167' title='bbox 1067 2021 1300 2083; x_wconf 85' lang='lat' dir='ltr'>fulgorem</span> <span class='ocrx_word' id='word_1_168' title='bbox 1325 2022 1383 2066; x_wconf 91' lang='lat' dir='ltr'>ab</span> <span class='ocrx_word' id='word_1_169' title='bbox 1406 2035 1525 2065; x_wconf 87' lang='lat' dir='ltr'>auro</span> <span class='ocrx_word' id='word_1_170' title='bbox 1551 2019 1789 2078; x_wconf 88' lang='lat' dir='ltr'>emissum,</span> <span class='ocrx_word' id='word_1_171' title='bbox 1813 2035 1892 2065; x_wconf 90' lang='lat' dir='ltr'>seu</span> 
     </span>
    </p>
   </div>
   <div class='ocr_carea' id='block_1_9' title="bbox 178 2098 1890 2265">
    <p class='ocr_par' dir='ltr' id='par_1_12' title="bbox 178 2098 1851 2239">
     <span class='ocr_line' id='line_1_23' title="bbox 178 2098 780 2161; baseline -0.002 -17"><span class='ocrx_word' id='word_1_172' title='bbox 178 2098 383 2145; x_wconf 81' lang='lat' dir='ltr'>breviter</span> <span class='ocrx_word' id='word_1_173' title='bbox 404 2099 635 2161; x_wconf 81' lang='lat' dir='ltr'>fulgorem</span> <span class='ocrx_word' id='word_1_174' title='bbox 663 2099 780 2147; x_wconf 86' lang='lat' dir='ltr'>auri.</span> 
     </span>
     <span class='ocr_line' id='line_1_24' title="bbox 243 2172 1890 2265; baseline -0.003 -45"><span class='ocrx_word' id='word_1_175' title='bbox 243 2176 446 2221; x_wconf 81' lang='lat' dir='ltr'>Reddita</span> <span class='ocrx_word' id='word_1_176' title='bbox 461 2173 524 2239; x_wconf 83' lang='lat' dir='ltr'>(v.</span> <span class='ocrx_word' id='word_1_177' title='bbox 541 2172 645 2237; x_wconf 88' lang='grc'>64).</span> <span class='ocrx_word' id='word_1_178' title='bbox 671 2176 708 2219; x_wconf 92' lang='lat'>1.</span> <span class='ocrx_word' id='word_1_179' title='bbox 727 2191 766 2220; x_wconf 90' lang='lat' dir='ltr'>e.</span> <span class='ocrx_word' id='word_1_180' title='bbox 791 2175 1049 2232; x_wconf 85' lang='lat' dir='ltr'>attributa,</span> <span class='ocrx_word' id='word_1_181' title='bbox 1069 2173 1234 2265; x_wconf 82' lang='lat' dir='ltr'>indita.</span> <span class='ocrx_word' id='word_1_182' title='bbox 1249 2173 1324 2218; x_wconf 90' lang='lat' dir='ltr'>Sic</span> <span class='ocrx_word' id='word_1_183' title='bbox 1346 2173 1593 2230; x_wconf 87' lang='lat' dir='ltr'>Horatius,</span> <span class='ocrx_word' id='word_1_184' title='bbox 1614 2175 1712 2217; x_wconf 82' lang='lat' dir='ltr'>Art.</span> <span class='ocrx_word' id='word_1_185' title='bbox 1728 2180 1890 2232; x_wconf 61' lang='lat' dir='ltr'>poet„</span> 
     </span>
    </p>
   </div>
   <div class='ocr_carea' id='block_1_10' title="bbox 91 2250 312 2313">
    <p class='ocr_par' dir='ltr' id='par_1_13' title="bbox 91 2250 312 2313">
     <span class='ocr_line' id='line_1_25' title="bbox 91 2250 312 2313; baseline 0 -15"><span class='ocrx_word' id='word_1_186' title='bbox 91 2267 99 2272; x_wconf 91' lang='lat'><strong>·</strong></span> <span class='ocrx_word' id='word_1_187' title='bbox 181 2250 312 2313; x_wconf 82' lang='lat'><strong>359:</strong></span> 
     </span>
    </p>
   </div>
   <div class='ocr_carea' id='block_1_11' title="bbox 349 2363 1333 2491">
    <p class='ocr_par' dir='ltr' id='par_1_14' title="bbox 349 2363 1333 2491">
     <span class='ocr_line' id='line_1_26' title="bbox 816 2363 1333 2418; baseline -0.006 -11"><span class='ocrx_word' id='word_1_188' title='bbox 816 2395 1041 2407; x_wconf 89' lang='grc'><strong>.......</strong></span> <span class='ocrx_word' id='word_1_189' title='bbox 1066 2364 1136 2404; x_wconf 92' lang='lat' dir='ltr'>Ille</span> <span class='ocrx_word' id='word_1_190' title='bbox 1158 2363 1333 2418; x_wconf 81' lang='lat' dir='ltr'>profecto</span> 
     </span>
     <span class='ocr_line' id='line_1_27' title="bbox 349 2433 1288 2491; baseline -0.004 -14"><span class='ocrx_word' id='word_1_191' title='bbox 349 2437 531 2479; x_wconf 81' lang='lat' dir='ltr'>Reddere</span> <span class='ocrx_word' id='word_1_192' title='bbox 551 2450 728 2491; x_wconf 79' lang='lat' dir='ltr'>personoe</span> <span class='ocrx_word' id='word_1_193' title='bbox 750 2435 821 2476; x_wconf 86' lang='lat' dir='ltr'>scit</span> <span class='ocrx_word' id='word_1_194' title='bbox 835 2433 1109 2475; x_wconf 86' lang='lat' dir='ltr'>convenientia</span> <span class='ocrx_word' id='word_1_195' title='bbox 1131 2433 1288 2486; x_wconf 87' lang='lat' dir='ltr'>cuique.</span> 
     </span>
    </p>
   </div>
   <div class='ocr_carea' id='block_1_12' title="bbox 176 2541 1897 3149">
    <p class='ocr_par' dir='ltr' id='par_1_15' title="bbox 196 2541 1590 2612">
     <span class='ocr_line' id='line_1_28' title="bbox 196 2541 1590 2612; baseline -0.006 -17"><span class='ocrx_word' id='word_1_196' title='bbox 196 2592 201 2596; x_wconf 82' lang='grc'>,</span> <span class='ocrx_word' id='word_1_197' title='bbox 239 2549 403 2594; x_wconf 73' lang='lat' dir='ltr'>Fluem</span> <span class='ocrx_word' id='word_1_198' title='bbox 424 2545 486 2612; x_wconf 84' lang='lat' dir='ltr'>(v.</span> <span class='ocrx_word' id='word_1_199' title='bbox 521 2545 625 2610; x_wconf 90' lang='lat'>68).</span> <span class='ocrx_word' id='word_1_200' title='bbox 651 2548 687 2591; x_wconf 91' lang='grc' dir='ltr'>Ι.</span> <span class='ocrx_word' id='word_1_201' title='bbox 714 2561 752 2591; x_wconf 87' lang='lat' dir='ltr'>e.</span> <span class='ocrx_word' id='word_1_202' title='bbox 778 2546 959 2590; x_wconf 88' lang='lat' dir='ltr'>occulte</span> <span class='ocrx_word' id='word_1_203' title='bbox 983 2543 1130 2589; x_wconf 89' lang='lat' dir='ltr'>dilabi</span> <span class='ocrx_word' id='word_1_204' title='bbox 1152 2551 1198 2587; x_wconf 88' lang='lat' dir='ltr'>et</span> <span class='ocrx_word' id='word_1_205' title='bbox 1232 2541 1401 2588; x_wconf 88' lang='lat' dir='ltr'>sensim</span> <span class='ocrx_word' id='word_1_206' title='bbox 1424 2541 1590 2587; x_wconf 89' lang='lat' dir='ltr'>minui.</span> 
     </span>
    </p>

    <p class='ocr_par' dir='ltr' id='par_1_16' title="bbox 179 2611 1895 2748">
     <span class='ocr_line' id='line_1_29' title="bbox 244 2611 1895 2701; baseline -0.003 -30"><span class='ocrx_word' id='word_1_207' title='bbox 244 2611 342 2671; x_wconf 79' lang='lat' dir='ltr'>Nec</span> <span class='ocrx_word' id='word_1_208' title='bbox 376 2633 662 2670; x_wconf 73' lang='lat' dir='ltr'>remorantur</span> <span class='ocrx_word' id='word_1_209' title='bbox 696 2620 842 2686; x_wconf 80' lang='lat' dir='ltr'>ibi(v.</span> <span class='ocrx_word' id='word_1_210' title='bbox 880 2618 981 2685; x_wconf 85' lang='grc'>74).</span> <span class='ocrx_word' id='word_1_211' title='bbox 1013 2620 1088 2665; x_wconf 88' lang='lat' dir='ltr'>Ab</span> <span class='ocrx_word' id='word_1_212' title='bbox 1118 2619 1174 2664; x_wconf 90' lang='lat' dir='ltr'>iis</span> <span class='ocrx_word' id='word_1_213' title='bbox 1206 2620 1343 2701; x_wconf 81' lang='lat' dir='ltr'>etiam</span> <span class='ocrx_word' id='word_1_214' title='bbox 1378 2619 1661 2679; x_wconf 88' lang='lat' dir='ltr'>corporibus</span> <span class='ocrx_word' id='word_1_215' title='bbox 1671 2653 1689 2677; x_wconf 87' lang='grc'>,</span> <span class='ocrx_word' id='word_1_216' title='bbox 1714 2619 1895 2680; x_wconf 87' lang='lat' dir='ltr'>&#39;quibus</span> 
     </span>
     <span class='ocr_line' id='line_1_30' title="bbox 179 2701 908 2760; baseline -0.003 -14"><span class='ocrx_word' id='word_1_217' title='bbox 179 2711 489 2760; x_wconf 84' lang='lat' dir='ltr'>accesserunt,</span> <span class='ocrx_word' id='word_1_218' title='bbox 511 2701 682 2747; x_wconf 88' lang='lat' dir='ltr'>iterum</span> <span class='ocrx_word' id='word_1_219' title='bbox 707 2701 908 2745; x_wconf 84' lang='lat' dir='ltr'>avolant.</span> 
     </span>
    </p>

    <p class='ocr_par' dir='ltr' id='par_1_17' title="bbox 176 2750 1897 3069">
     <span class='ocr_line' id='line_1_31' title="bbox 245 2750 1896 2842; baseline -0.004 -18"><span class='ocrx_word' id='word_1_220' title='bbox 245 2775 309 2841; x_wconf 79' lang='lat' dir='ltr'>(v.</span> <span class='ocrx_word' id='word_1_221' title='bbox 345 2775 441 2842; x_wconf 88' lang='lat'>78.)</span> <span class='ocrx_word' id='word_1_222' title='bbox 474 2780 545 2824; x_wconf 91' lang='lat' dir='ltr'>De</span> <span class='ocrx_word' id='word_1_223' title='bbox 579 2779 667 2823; x_wconf 89' lang='lat' dir='ltr'>hac</span> <span class='ocrx_word' id='word_1_224' title='bbox 689 2780 1010 2841; x_wconf 69' lang='grc' dir='ltr'>λαμπαδηφορίᾳ</span> <span class='ocrx_word' id='word_1_225' title='bbox 1034 2772 1413 2830; x_wconf 87' lang='lat' dir='ltr'>Atheniensium,</span> <span class='ocrx_word' id='word_1_226' title='bbox 1446 2788 1589 2834; x_wconf 87' lang='lat' dir='ltr'>quam</span> <span class='ocrx_word' id='word_1_227' title='bbox 1623 2750 1896 2836; x_wconf 86' lang='lat' dir='ltr'>perstringit</span> 
     </span>
     <span class='ocr_line' id='line_1_32' title="bbox 176 2851 1897 2915; baseline -0.002 -16"><span class='ocrx_word' id='word_1_228' title='bbox 176 2863 345 2915; x_wconf 87' lang='lat' dir='ltr'>poeta,</span> <span class='ocrx_word' id='word_1_229' title='bbox 378 2856 590 2901; x_wconf 79' lang='lat' dir='ltr'>consulas</span> <span class='ocrx_word' id='word_1_230' title='bbox 614 2858 842 2911; x_wconf 58' lang='lat' dir='ltr'>Pmsm„</span> <span class='ocrx_word' id='word_1_231' title='bbox 871 2856 988 2907; x_wconf 65' lang='lat' dir='ltr'>Alc„</span> <span class='ocrx_word' id='word_1_232' title='bbox 1020 2869 1063 2910; x_wconf 89' lang='lat'>1,</span> <span class='ocrx_word' id='word_1_233' title='bbox 1089 2852 1174 2909; x_wconf 81' lang='lat'>303</span> <span class='ocrx_word' id='word_1_234' title='bbox 1198 2852 1481 2907; x_wconf 56' lang='lat' dir='ltr'>Hssaonor„</span> <span class='ocrx_word' id='word_1_235' title='bbox 1515 2866 1637 2909; x_wconf 87' lang='lat' dir='ltr'>v111,</span> <span class='ocrx_word' id='word_1_236' title='bbox 1666 2851 1752 2912; x_wconf 82' lang='lat'>983</span> <span class='ocrx_word' id='word_1_237' title='bbox 1777 2854 1897 2896; x_wconf 75' lang='lat' dir='ltr'>Po&#39;r-</span> 
     </span>
     <span class='ocr_line' id='line_1_33' title="bbox 179 2926 1893 2993; baseline -0.002 -16"><span class='ocrx_word' id='word_1_238' title='bbox 179 2947 349 2978; x_wconf 72' lang='lat' dir='ltr'>‘rmum</span> <span class='ocrx_word' id='word_1_239' title='bbox 372 2933 442 2977; x_wconf 87' lang='lat' dir='ltr'>ad</span> <span class='ocrx_word' id='word_1_240' title='bbox 468 2933 723 2993; x_wconf 65' lang='lat' dir='ltr'>Lycophr„</span> <span class='ocrx_word' id='word_1_241' title='bbox 759 2933 875 2990; x_wconf 75' lang='lat'>7343</span> <span class='ocrx_word' id='word_1_242' title='bbox 899 2934 1040 2976; x_wconf 63' lang='lat' dir='ltr'>Pmr.</span> <span class='ocrx_word' id='word_1_243' title='bbox 1058 2963 1070 2986; x_wconf 91' lang='lat'>,</span> <span class='ocrx_word' id='word_1_244' title='bbox 1103 2931 1220 2990; x_wconf 86' lang='lat' dir='ltr'>Rep.</span> <span class='ocrx_word' id='word_1_245' title='bbox 1238 2961 1251 2981; x_wconf 90' lang='lat'>‚</span> <span class='ocrx_word' id='word_1_246' title='bbox 1281 2943 1325 2984; x_wconf 92' lang='lat'>1,</span> <span class='ocrx_word' id='word_1_247' title='bbox 1350 2926 1477 2984; x_wconf 86' lang='lat' dir='ltr'>init.;</span> <span class='ocrx_word' id='word_1_248' title='bbox 1502 2929 1740 2986; x_wconf 55' lang='lat' dir='ltr'>Annum,</span> <span class='ocrx_word' id='word_1_249' title='bbox 1764 2930 1893 2988; x_wconf 81' lang='lat' dir='ltr'>Exp.</span> 
     </span>
     <span class='ocr_line' id='line_1_34' title="bbox 178 3007 1189 3069; baseline -0.005 -14"><span class='ocrx_word' id='word_1_250' title='bbox 178 3011 319 3055; x_wconf 75' lang='lat' dir='ltr'>Alex.</span> <span class='ocrx_word' id='word_1_251' title='bbox 336 3042 353 3064; x_wconf 87' lang='lat'><em>,</em></span> <span class='ocrx_word' id='word_1_252' title='bbox 391 3023 483 3066; x_wconf 88' lang='lat'>111,</span> <span class='ocrx_word' id='word_1_253' title='bbox 510 3007 591 3066; x_wconf 91' lang='lat'>16,</span> <span class='ocrx_word' id='word_1_254' title='bbox 624 3008 830 3069; x_wconf 87' lang='lat' dir='ltr'>aliosque</span> <span class='ocrx_word' id='word_1_255' title='bbox 852 3008 973 3053; x_wconf 89' lang='lat' dir='ltr'>bene</span> <span class='ocrx_word' id='word_1_256' title='bbox 1003 3007 1189 3066; x_wconf 31' lang='lat' dir='ltr'>mul-tos.</span> 
     </span>
    </p>

    <p class='ocr_par' dir='ltr' id='par_1_18' title="bbox 244 3078 978 3149">
     <span class='ocr_line' id='line_1_35' title="bbox 244 3078 978 3149; baseline -0.004 -19"><span class='ocrx_word' id='word_1_257' title='bbox 244 3078 314 3149; x_wconf 85' lang='lat' dir='ltr'>(v.</span> <span class='ocrx_word' id='word_1_258' title='bbox 347 3084 439 3142; x_wconf 85' lang='grc'>84,</span> <span class='ocrx_word' id='word_1_259' title='bbox 473 3082 576 3146; x_wconf 84' lang='grc'>85).</span> <span class='ocrx_word' id='word_1_260' title='bbox 601 3084 783 3129; x_wconf 84' lang='lat' dir='ltr'>Wakef.</span> <span class='ocrx_word' id='word_1_261' title='bbox 809 3084 932 3143; x_wconf 86' lang='lat' dir='ltr'>conj.</span> <span class='ocrx_word' id='word_1_262' title='bbox 967 3099 978 3127; x_wconf 71' lang='grc' dir='ltr'><strong><em>ε</em></strong></span> 
     </span>
    </p>
   </div>
   <div class='ocr_carea' id='block_1_13' title="bbox 351 3203 1356 3313">
    <p class='ocr_par' dir='ltr' id='par_1_19' title="bbox 351 3203 1356 3313">
     <span class='ocr_line' id='line_1_36' title="bbox 759 3203 1356 3256; baseline -0.005 -14"><span class='ocrx_word' id='word_1_263' title='bbox 759 3234 932 3245; x_wconf 83' lang='grc'><strong>......</strong></span> <span class='ocrx_word' id='word_1_264' title='bbox 951 3207 1105 3256; x_wconf 90' lang='lat' dir='ltr'>Quum,</span> <span class='ocrx_word' id='word_1_265' title='bbox 1129 3203 1204 3243; x_wconf 82' lang='lat' dir='ltr'>cita</span> <span class='ocrx_word' id='word_1_266' title='bbox 1229 3213 1356 3254; x_wconf 85' lang='lat' dir='ltr'>saepe,</span> 
     </span>
     <span class='ocr_line' id='line_1_37' title="bbox 351 3270 731 3313; baseline 0.003 -1"><span class='ocrx_word' id='word_1_267' title='bbox 351 3271 480 3312; x_wconf 76' lang='lat' dir='ltr'>obvia</span> <span class='ocrx_word' id='word_1_268' title='bbox 502 3270 731 3313; x_wconf 78' lang='lat' dir='ltr'>conflixere.</span> 
     </span>
    </p>
   </div>
  </div>
 </body>
</html>
