2300 3926
353 243 410 292 64
766 265 769 268 -
910 240 965 286 T.
1003 244 1293 289 LUCRETII
1328 245 1487 307 CARI·
1858 247 1908 298 (v.
1933 248 2037 299 740.)

352 346 494 402 Nam
522 364 691 419 quum
720 342 967 419 caecigeni
989 387 1004 413 ‚
1034 344 1160 401 solis
1190 348 1285 422 qui
1312 346 1515 404 lumina
1538 365 1818 421 nunquam

351 446 651 520 Aspexere,
681 455 862 497 tamen
892 456 1224 518 cognoscant
1250 465 1481 521 corpora
1509 459 1686 517 tactu,

353 546 434 599 Ex
462 543 683 597 ineunte
704 533 823 595 iaevo
841 583 856 611 ‚
893 537 1046 596 nullo
1077 542 1352 598 contincta
1378 542 1586 622 colore-3

353 640 501 695 Scire
531 638 655 695 licet
666 680 681 710 ‚
711 639 880 695 menti
910 658 1129 714 quoque
1155 652 1356 696 nostrae
1385 660 1614 718 corpora
1641 663 1797 719 posse

350 740 507 794 Verti
536 739 593 793 in
623 739 870 794 notitiam
906 736 1059 793 nullo
1090 736 1395 793 circumlita
1423 739 1563 794 fuco,
1618 807 1621 809 μ

351 837 603 912 Denique
632 857 731 892 nos
759 836 887 912 ipsi,
919 837 1072 892 caecis
1100 853 1438 912 quaecunque
1466 837 1705 893 'tenebris

349 936 669 1011 TangimuS‚
700 934 849 990 haud
878 933 992 990 ullo
1018 935 1280 990 sentimus
1317 936 1488 991 tincta
1518 934 1715 992 colore.

429 1033 594 1104 Quod
623 1034 885 1108 quoniam
911 1034 1071 1089 vinco
1102 1033 1249 1106 fieri,
1283 1055 1430 1090 nunc
1458 1055 1570 1091 esse
1597 1035 1817 1091 docebo.

352 1132 546 1185 Omnis
577 1133 724 1185 enim
754 1130 903 1186 color
931 1132 1158 1188 omnino
1186 1145 1433 1189 mutatur
1464 1135 1521 1188 in
1548 1155 1768 1190 omnes:

350 1228 519 1300 Quod
546 1227 722 1282 facere
750 1229 899 1283 haud
927 1227 1043 1283 ullo
1076 1230 1275 1286 debent
1304 1232 1604 1307 primordia
1635 1244 1826 1309 pacto:

350 1324 701 1380 Immutabile
735 1327 882 1380 enim
913 1326 1173 1401 quiddam
1201 1348 1459 1403 superare
1485 1350 1701 1385 necesse
1727 1343 1832 1401 est,

352 1426 435 1480 Ne
462 1444 547 1479 res
576 1423 645 1479 ad
674 1423 911 1480 nihilum
939 1424 1260 1502 redigantur
1288 1426 1536 1483 funditus
1566 1448 1770 1483 omnes.

353 1524 520 1595 Nam,
556 1523 924 1599 quodcunque
957 1525 1068 1580 suis
1101 1537 1376 1581 mutatum
1407 1526 1605 1582 finibus
1637 1529 1773 1599 exit,

352 1624 632 1678 Continuo
660 1623 765 1679 hoc
793 1644 940 1679 mors
968 1636 1049 1679 est
1080 1623 1250 1697 illius,
1281 1625 1430 1701 quod
1457 1607 1563 1681 fuit'
1590 1629 1732 1681 ante.

352 1722 590 1777 Proinde
614 1721 800 1779 ‚colore
831 1743 961 1778 cave
994 1724 1278 1800 contingas
1311 1724 1517 1781 semina
1551 1745 1760 1794 rerum,

352 1821 438 1877 Ne
467 1821 566 1877 tibi
595 1842 682 1877 res
710 1821 936 1878 redeant
969 1822 1039 1878 ad
1067 1821 1242 1879 nilum
1267 1822 1512 1880 funditus
1535 1844 1737 1880 omneS.

433 1922 727 1993 Praeterea,
759 1923 805 1977 si
833 1920 984 1977 nulla
1015 1921 1213 1978 coloris
1242 1924 1523 2000 principiis
1551 1937 1634 1979 est

353 2018 589 2075 Reddita
622 2032 847 2091 natura3
878 2033 934 2076 at
966 2022 1131 2077 variis
1167 2033 1293 2078 sunt
1322 2021 1546 2099 praedita
1575 2022 1764 2078 formis

355 2122 402 2175 E
431 2118 632 2194 quibus
647 2119 971 2195 omnigenos
1003 2121 1259 2198 gignunt,
1286 2122 1608 2197 variantque
1631 2120 1857 2178 coloreS.

353 2220 652 2293 Propterea
680 2217 866 2295 magni
899 2216 1049 2294 quod
1081 2217 1249 2274 refert
1278 2219 1484 2275 semina
1514 2238 1739 2297 quaeque

354 2312 498 2372 Cum
527 2316 726 2392 quibus
756 2329 810 2372 et
844 2316 992 2392 quali
1019 2317 1267 2393 positura
1296 2319 1683 2375 contineantur
1700 2361 1715 2389 ,

355 2418 428 2470 Et
458 2435 593 2491 quos
624 2417 767 2469 inter
797 2435 852 2469 se
881 2414 1013 2470 dent
1043 2428 1224 2471 motus
1255 2419 1631 2493 accipiantque
1662 2439 1674 2472 ε

359 2511 622 2569 Perfacile
649 2511 922 2590 extemplo
953 2514 1222 2569 rationem
1266 2513 1489 2569 reddere
1518 2517 1691 2591 possis
1709 2558 1724 2585 ‚

358 2615 476 2669 Cur
508 2633 592 2683 ea,
626 2633 746 2689 quae
777 2613 936 2688 nigro
961 2612 1162 2668 fuerint
1191 2612 1356 2690 paulo
1384 2626 1508 2669 ante
1539 2614 1720 2671 colore
1738 2658 1753 2685 ‚

358 2714 671 2767 Marmoreo
701 2710 820 2767 fieri
854 2713 1063 2788 possint
1090 2711 1323 2768 candore
1352 2708 1606 2788 repente:

359 2813 439 2867 Ut
471 2830 651 2882 mare,
686 2830 858 2886 quum
889 2812 1074 2887 magni
1108 2824 1455 2867 commorunt
1484 2832 1702 2887 aequora
1728 2811 1899 2882 venti,

362 2910 614 2966 Vertitur
644 2909 701 2963 in
730 2929 894 2965 canos
927 2908 1181 2965 candenti
1209 2930 1482 2966 marmore
1511 2909 1724 2966 fluctus.

361 3008 561 3063 Dicere
594 3010 741 3063 enim
772 3010 943 3084 possis
977 3009 1197 3086 nigrum
1231 3009 1380 3085 quod
1409 3030 1547 3086 saepe
1572 3008 1842 3080 videmuS,

363 3107 621 3163 Materies
656 3108 751 3162 ubi
784 3109 1045 3183 permista
1077 3120 1158 3163 est
1189 3106 1333 3163 illius
1353 3151 1368 3179 ,
1401 3121 1455 3163 et
1487 3108 1622 3163 ordo
1695 3187 1700 3191 .

364 3207 648 3282 Principiis
677 3217 940 3277 mutatus,
970 3220 1022 3261 et
1063 3206 1244 3261 addita
1277 3206 1600 3283 demptaque
1629 3205 1868 3282 quaedam
1888 3245 1903 3276 ‚
