2320 3866
374 199 460 252 184
931 199 981 242 T.
1017 197 1305 243 LUCRETH
1343 196 1483 241 CARI
1572 172 1574 177 ⁸
1873 192 2060 247 <xv-682).

368 299 676 377 Imparibus
706 319 928 354 currens
956 300 1285 356 anfractibus
1310 298 1520 355 aetheris
1546 317 1666 352 oras

368 401 566 473 Partit,
603 411 657 455 et
688 400 743 453 in
773 409 952 475 partes
976 420 1086 455 non
1118 419 1295 475 aequas
1319 397 1510 454 dividit
1540 397 1725 453 orbem
1743 415 1764 466 ;¹

366 502 436 555 Et
464 498 610 575 quod
637 499 703 553 ab
737 497 1000 554 alterutra
1033 497 1265 554 detraxit
1297 510 1479 573 parte,
1509 497 1720 573 reponit

365 598 497 674 Ejus
522 599 577 652 in
609 595 834 653 adversa
862 608 1014 653 tanto
1040 595 1162 674 plus
1189 608 1340 673 parte
1369 595 1595 668 relatUS‚

367 698 646 754 Donicum
676 695 745 752 ad
773 697 828 751 id
855 698 1071 774 signum
1102 695 1222 753 coeli
1253 697 1530 773 pervenit,
1560 696 1653 750 ubi
1685 696 1811 750 anni

366 795 556 853 Nodus
592 808 884 852 nocturnas
915 808 1162 872 exaequat
1195 795 1406 851 lucibus
1440 795 1686 850 umbras:

366 895 510 952 Nam
538 894 717 950 medio
750 915 910 951 cursu
945 895 1103 952 ssatus
1134 894 1417 972 Aquilonis
1447 907 1499 950 et
1528 894 1710 951 Austri

364 993 605 1049 Distinet
636 1004 849 1069 aequato
877 992 1071 1049 coelum
1106 995 1413 1050 discrimine
1442 1005 1608 1047 metas
1626 1035 1640 1064 ,

364 1095 595 1168 Propter
624 1091 867 1168 signiferi
896 1094 1198 1167 posituram
1230 1093 1397 1146 totius
1421 1092 1599 1162 orbis;

364 1192 564 1247 Annua
594 1188 674 1245 sol
710 1191 766 1244 in
803 1210 912 1265 quo
947 1189 1239 1245 contundit
1269 1201 1516 1266 tempora
1543 1209 1788 1265 serpenS‚

368 1287 610 1364 Obliquo
644 1300 815 1345 terras
848 1301 902 1344 et
931 1287 1126 1345 coelum
1153 1287 1358 1344 lumine
1390 1286 1654 1358 lustrans3

340 1430 343 1434 ,
368 1389 447 1444 Ut
478 1388 617 1443 ratio
648 1384 889 1443 declarat
918 1397 1140 1458 eorum,
1169 1389 1262 1463 qui
1294 1386 1413 1443 loca
1445 1385 1565 1442 coeli

370 1487 575 1543 Omnia
607 1486 882 1564 dispositis
915 1489 1083 1566 signis
1112 1499 1305 1544 ornata
1335 1498 1610 1543 notarunt.

443 1588 557 1642 Aut
583 1587 712 1662 quia
744 1588 975 1643 crassior
1002 1601 1084 1643 est
1118 1588 1278 1643 certis
1307 1588 1363 1642 in
1391 1586 1635 1662 partibus
1669 1604 1779 1656 aer,
1865 1576 1868 1584 Χ

369 1684 483 1742 Sub
507 1686 665 1741 terris
693 1684 817 1740 ideo
849 1684 1141 1764 tremulum
1165 1686 1331 1761 jubar
1363 1685 1572 1740 haesitat
1604 1683 1744 1760 ignis
1762 1724 1777 1753 ‚

364 1786 481 1841 Nec
509 1795 796 1861 penetrare
823 1797 1001 1861 potest
1025 1783 1178 1849 facile
1210 1795 1371 1860 atque
1400 1803 1672 1860 emergere
1702 1780 1771 1836 ad
1800 1792 1984 1836 ortus:

364 1885 661 1960 Propterea
690 1894 875 1939 noctes
905 1883 1150 1960 hyberno
1178 1895 1422 1960 tempore
1447 1881 1621 1959 longae
1694 1919 1697 1926 ‹

364 1983 621 2053 Cessant,
649 1981 780 2036 dum
810 1981 995 2037 veniat
1021 1981 1294 2037 radiatum
1326 1981 1537 2058 insigne
1571 1980 1676 2036 diei
1700 2002 1711 2035 :

363 2081 475 2135 Aut
508 2080 695 2150 etiam,
733 2080 861 2155 quia
888 2081 964 2134 sic
991 2079 1212 2136 alternis
1236 2082 1486 2156 partibus
1511 2081 1640 2135 anni

363 2178 596 2234 Tardius
623 2190 677 2233 et
705 2180 864 2234 citius
894 2190 1229 2234 consuerunt
1255 2179 1534 2255 confluere
1562 2180 1712 2256 ignes

364 2277 476 2348 Qui
505 2275 708 2331 faciant
739 2275 909 2333 solem
939 2289 1087 2340 certa
1111 2277 1179 2333 de
1208 2299 1431 2356 surgere
1457 2291 1631 2354 parte.

442 2377 604 2431 Luna
626 2387 804 2451 potest
834 2375 960 2431 solis
997 2376 1161 2433 radiis
1194 2398 1449 2453 percussa
1484 2379 1688 2449 nitere,

363 2477 539 2550 Inque
574 2473 685 2529 dies
714 2475 890 2550 majus
922 2473 1105 2530 lumen
1139 2484 1458 2531 convertere
1491 2477 1646 2532 nobis

363 2572 450 2629 Ad
480 2575 743 2650 speciem,
778 2585 1044 2650 quantum
1076 2572 1202 2630 solis
1235 2575 1435 2631 secedit
1468 2577 1536 2632 ab
1568 2577 1732 2648 orbe,

362 2673 641 2729 Donicum
671 2694 796 2729 eum
826 2685 1016 2730 contra
1047 2672 1208 2751 pleno
1243 2676 1381 2731 bene
1413 2674 1617 2732 lumine
1646 2673 1827 2748 fulsit,
1858 2722 1860 2725 .

364 2774 546 2849 Atque
576 2774 756 2829 oriens
790 2773 971 2829 obitus
1004 2774 1119 2851 ejus
1153 2794 1316 2852 super
1345 2774 1489 2830 edita
1514 2774 1651 2831 vidit
1676 2795 1689 2829 ε

362 2872 500 2927 Inde
530 2873 844 2928 minutatim
876 2886 1025 2930 retro
1055 2874 1210 2949 quasi
1237 2874 1470 2930 condere
1504 2873 1683 2930 lumen
1776 2895 1780 2901 ’

361 2972 544 3029 Debet
571 2974 728 3046 item,
761 2986 970 3050 quanto
1002 2974 1225 3052 propius
1245 2974 1358 3051 jam
1385 2972 1512 3030 solis
1543 2975 1612 3030 ad
1642 2975 1823 3052 ignem

361 3071 593 3129 Labitur
622 3093 689 3128 ex
723 3072 827 3130 alia
858 3074 1139 3152 signorum
1161 3087 1316 3154 parte
1341 3096 1441 3153 per
1475 3075 1694 3132 orbem:

362 3170 443 3225 Ut
466 3170 697 3245 faciunt,
725 3171 913 3230 lunam
950 3176 1042 3252 qui
1073 3175 1287 3254 fingunt
1313 3195 1426 3233 esse
1460 3173 1589 3253 pilai
