2300 3926
217 287 397 339 ‹v.⁵30.)
510 265 525 280 '
623 287 706 330 DE
740 285 963 330 RERUM
995 284 1247 330 NATURA
1281 285 1394 329 Lis.
1432 286 1490 329 Π.
1536 344 1540 357 ι
1842 282 1899 339 57

214 392 295 446 Ex
326 390 537 446 infinito
564 406 830 458 summam
861 406 1047 454 rerum
1079 406 1250 462 usque
1278 398 1485 458 tenere,
1571 395 1573 397 ’

217 488 471 563 Undique
495 484 704 561 protelo
730 483 1013 561 plagarum
1038 485 1376 541 continuato.

294 585 431 640 Nam
450 624 467 653 ‚
496 580 645 657 quod
671 601 795 636 rara
820 581 969 637 vides
997 583 1169 659 magis
1201 599 1324 638 esse
1343 580 1610 644 animalia·
1628 580 1872 657 quaedam
1892 624 1907 650 ,

216 679 648 755 Foecundamque
679 681 858 735 minus
891 693 1144 740 naturam
1170 683 1347 737 cernis
1374 682 1431 735 in
1468 680 1607 752 illis3
1656 753 1679 762 a

220 781 294 835 At
318 777 560 855 regione,
586 768 823 853 locoque
849 778 985 850 alio,
1015 781 1280 854 terrisque
1306 779 1554 849 remotiS,

162 940 167 951 ,
217 875 396 932 Multa
417 874 543 932 licet
575 896 786 955 genere
797 897 911 932 esse
942 878 999 947 in
1025 877 1088 946 eo
1099 896 1541 963 ,numerumque
1575 874 1790 952 repleri.

218 974 388 1029 Sicuti
413 974 828 1051 quadrupedum
859 995 983 1029 cum
1007 975 1198 1050 primis
1227 995 1340 1044 esse
1368 974 1616 1030 videmus

215 1074 280 1127 In
311 1092 506 1149 genere
531 1074 886 1150 anguimanos
921 1071 1263 1149 elephantOS,
1289 1072 1447 1128 India
1477 1094 1716 1150 quorum

218 1170 462 1230 Millibus
489 1193 519 1227 e
550 1172 737 1228 multis
769 1171 913 1228 vallo
947 1173 1207 1249 munitur·
1226 1172 1462 1244 eburn0,

218 1270 298 1325 Ut
327 1272 544 1346 penitus
577 1283 810 1348 nequeat
840 1273 1115 1348 penetrari
1143 1293 1154 1326 :
1186 1283 1338 1327 tanta
1356 1272 1609 1327 ferarum

216 1368 317 1423 Vis
345 1381 451 1441 est,
486 1390 716 1445 quarum
750 1391 849 1425 nos
885 1390 1153 1446 perpauca
1179 1368 1426 1446 exempla
1451 1369 1711 1426 videmus„

299 1468 407 1523 Sed
426 1480 609 1524 tamen
633 1469 690 1523 id
717 1490 935 1545 quoque
963 1470 1044 1525 uti
1074 1468 1395 1540 concedam,
1424 1467 1770 1544 quamlibet,
1802 1480 1918 1524 esto

220 1567 398 1622 Unica
428 1587 513 1622 res
547 1567 792 1643 quaedam
811 1610 826 1639 ,
861 1568 1046 1622 nativo
1078 1587 1306 1642 corpore
1334 1566 1472 1636 sola,

220 1665 326 1720 Cui
360 1665 548 1727 similis
575 1677 691 1720 toto
726 1677 992 1720 terrarum
1020 1686 1131 1720 non
1161 1666 1228 1720 sit
1260 1666 1316 1720 in
1353 1657 1484 1720 orbe
1510 1686 1521 1719 :

220 1763 443 1819 Infinita
474 1776 654 1819 tamen
688 1765 793 1820 nisi
822 1765 924 1819 erit
958 1765 1040 1820 vis
1072 1764 1320 1819 materiai

219 1861 382 1918 Unde
413 1882 475 1918 ea
507 1843 762 1941 progigni
793 1865 964 1940 possit
996 1876 1260 1941 concepta
1285 1885 1296 1918 :
1327 1864 1499 1919 creari

220 1962 346 2017 Non
380 1964 611 2038 poterit,
640 1982 842 2039 neque,
869 1961 1016 2039 quod
1041 1968 1314 2039 superest,
1344 1984 1685 2039 procrescere
1723 1964 1917 2040 alique.

299 2059 521 2137 Quippe
550 2043 753 2117 etenim
794 2073 1011 2117 sumant
1043 2061 1223 2133 oculi,
1259 2062 1412 2118 finita
1445 2084 1543 2138 per
1576 2084 1737 2118 omne

223 2159 467 2234 Corpora
494 2159 687 2234 jactari
721 2160 883 2216 unius
916 2159 1172 2236 genitalia
1203 2162 1312 2229 rei,

221 2255 414 2326 Unde,
444 2257 570 2326 ubi,
604 2278 711 2334 qua
737 2259 823 2329 vi,
860 2269 915 2312 et
947 2278 1056 2333 quo
1085 2269 1243 2332 pacto
1276 2277 1565 2335 congressa
1601 2259 1826 2314 coibunt

222 2355 466 2410 Materiae
499 2366 650 2410 tanto
685 2356 742 2410 in
777 2354 970 2432 pelago
982 2397 997 2426 ,
1033 2355 1302 2430 turbaque
1323 2354 1545 2433 aliena?

223 2453 384 2524 Non,
419 2465 482 2508 ut
514 2455 733 2531 opinor,
766 2454 970 2509 hahent
1002 2454 1270 2508 rationem
1298 2445 1657 2510 conciliandit

225 2549 331 2605 Sed
362 2554 548 2628 quasi,
583 2551 878 2629 naufragiis
911 2554 1121 2630 magnis
1154 2551 1448 2630 multisque
1482 2556 1681 2610 coortis
1700 2599 1714 2624 ,

226 2648 524 2725 Disjectare
556 2650 692 2725 solet
723 2672 983 2729 magnum
1017 2651 1166 2708 mare
1200 2663 1464 2724 transtra,
1501 2654 1774 2729 guberna,

226 2747 534 2821 AntennaS,
564 2770 818 2827 proram,
852 2749 1054 2823 malos,
1082 2762 1372 2827 tonsasque
1407 2763 1685 2820 natanteS‚

228 2847 332 2900 Per
363 2858 632 2904 terrarum
662 2870 850 2905 omnes
884 2870 1005 2906 oras
1038 2849 1307 2906 fluitantia
1341 2847 1617 2925 aplustra,

228 2945 305 2999 Ut
331 2942 640 3019 videantur,
676 2960 730 3003 et
756 2948 1018 3005 indicium
1051 2947 1371 3005 mortalibus
1403 2947 1565 3002 edant
1585 2991 1599 3019 ,

228 3041 390 3097 Infidi
422 3045 585 3100 maris
616 3046 860 3116 insidias,
887 3049 1136 3125 viresque
1168 3047 1463 3123 dolumque

233 3143 308 3197 Ut
330 3142 502 3197 vitare
536 3142 730 3218 velint,
762 3167 897 3203 neve
930 3147 1042 3203 ullo
1079 3160 1322 3223 tempore
1356 3146 1608 3218 credant,

231 3239 470 3296 Subdola
502 3263 672 3318 quum
706 3243 847 3300 ridet
873 3244 1068 3321 placidi
1102 3245 1327 3322 pellacia
1362 3247 1543 3320 ponti:
