2320 3866
875 259 943 303 IN
976 259 1352 305 LUCRETIUM.
1870 258 1962 304 333

335 354 491 397 Fulvoe
510 353 643 398 nubis
665 350 726 416 (v.
757 349 884 415 460).
918 351 1137 398 Similiter
1157 353 1296 401 Hom.
1305 388 1319 412 ‚
1343 354 1508 411 Iliad,
1536 367 1635 414 xxv,
1661 354 1752 408 343
1779 368 1790 397 ε

467 510 496 521 ..
510 510 541 520 ..
556 509 586 520 ..
609 472 736 520 Τοῖάν·
757 492 818 520 τοι
842 477 919 533 ἐγὼ
941 478 1051 534 νέφος
1075 479 1338 536 ἀμφικαλύψω

462 554 636 610 Χρύσεον
662 549 746 596 οὐδ’
767 550 813 594 ἄν
837 555 907 593 νῶΐ
928 548 1145 611 διαδράκοι
1166 556 1290 603 ἠέλιός
1310 571 1382 611 περ

268 661 328 706 Et
354 662 483 724 Virg.
501 697 515 720 ,
539 662 748 715 AEneid.,
772 675 847 705 111
865 694 879 717 ,
906 677 995 722 792
1024 678 1035 706 ε

438 766 662 831 Alloquitur
675 766 779 816 fulva
801 790 945 830 pugnas
965 777 1014 817 de
1027 777 1135 817 nube
1157 784 1347 818 tuentem.

327 861 499 930 Versus
529 857 642 941 465¹,
675 884 763 941 467
778 918 792 941 ,
816 884 932 941 468,
955 880 1208 931 Lambinus
1220 918 1233 941 ‚
1257 884 1410 929 Faber
1441 883 1611 944 aliique
1638 886 1756 929 male
1788 885 1968 945 spurios

260 957 537 1006 habuerunt.
1063 980 1065 983 ’
1645 1014 1653 1021 .

326 1036 521 1081 Versum
535 1035 626 1089 466
643 1035 824 1083 Wakef.
840 1051 898 1081 ex
913 1037 1129 1081 omnibus
1143 1037 1239 1082 fere
1252 1035 1384 1081 libris
1398 1036 1462 1081 sic
1477 1035 1729 1099 integritati
1743 1036 1942 1082 restituit
1956 1053 1966 1080 ε

431 1153 481 1191 Et
503 1150 697 1192 condensa
720 1158 838 1205 atque
856 1159 963 1192 arcta
978 1165 1188 1206 apparere,
1212 1158 1253 1192 et
1274 1151 1388 1192 simul
1407 1151 1505 1205 ipso.

327 1258 439 1304 Cum
463 1261 692 1320 sanguine
716 1260 846 1305 abest
877 1258 938 1324 (v.
967 1258 1092 1323 474).
1118 1261 1337 1318 Haverc.‚
1361 1276 1502 1320 quem
1534 1270 1659 1306 recte
1689 1271 1872 1308 secutus
1901 1271 1969 1307 est

257 1335 464 1394 Wakef„
480 1337 690 1396 reposuit
712 1347 738 1383 'e
758 1337 915 1383 Vossii
938 1337 1234 1396 conjectura:
1252 1339 1595 1399 consanguinea
1617 1349 1710 1395 esc,
1734 1348 1788 1383 ut
1809 1355 1968 1385 sensus

257 1411 316 1457 sit
339 1427 351 1457 :
374 1412 604 1473 Liquores
633 1413 737 1459 salsi
758 1430 889 1475 aeque
914 1429 966 1459 ac
989 1414 1172 1472 dulces,
1193 1415 1389 1460 nebulas
1411 1411 1627 1460 exhalant
1649 1416 1872 1477 augendis
1898 1425 1970 1461 at·-

256 1503 350 1548 que
369 1489 713 1536 conformandis
727 1491 932 1536 nubibus
947 1491 1151 1537 idoneas.
1166 1492 1541 1552 Consanguineus
1555 1492 1775 1539 nimirum
1788 1508 1814 1538 a
1828 1502 1970 1553 poeta

254 1579 346 1623 pro
366 1565 525 1625 affinis·
535 1601 552 1622 ,
576 1568 768 1622 similis,
794 1567 999 1625 eJ'usdem
1009 1567 1119 1625 fiere
1143 1569 1328 1629 generis
1351 1577 1627 1627 usurpatum
1651 1577 1731 1613 est.

327 1643 467 1704 Urget
485 1641 547 1708 (v.
584 1642 718 1708 480),
734 1646 772 1690 1.
797 1660 836 1690 e.
863 1644 1033 1704 premit
1058 1643 1304 1701 deorsum,
1325 1644 1390 1689 ita
1412 1653 1466 1688 ut
1493 1644 1630 1689 latius
1655 1644 1858 1690 diffundi
1879 1660 1967 1690 ne—

256 1729 455 1781 queant,
480 1728 623 1781 atqne
645 1720 881 1765 tenuiores
898 1719 1028 1779 fieri;
1044 1720 1311 1780 comprimit
1333 1722 1695 1783 conglobatque.
1719 1722 1809 1767 Per
1830 1722 1970 1766 aethe·-

254 1797 316 1841 νίς·
340 1788 506 1842 oestzim
532 1805 686 1842 autem
715 1797 921 1860 intellige
945 1804 1146 1857 corpora
1176 1797 1264 1842 ista
1297 1813 1401 1858 quae
1427 1813 1452 1843 e
1475 1799 1593 1843 coelo
1628 1786 1852 1844 continuo
1882 1814 1968 1844 ve-

253 1871 452 1931 nientia,
481 1873 651 1919 ictibus
681 1873 775 1919 suis
796 1883 958 1919 tenues
988 1875 1184 1920 nebulas
1212 1875 1263 1919 in
1294 1875 1480 1920 nimbos
1507 1883 1698 1936 cogunt.

316 1949 616 1994 Extrinsecus
645 1946 707 2012 (v.
734 1947 862 2012 482).
901 1951 938 1996 Ι.
966 1966 1004 1996 e.
1041 1966 1098 1995 ex
1126 1949 1311 1995 infinito
1344 1951 1519 2011 spatio,
1550 1951 1744 2012 aliisque
1765 1953 1966 1998 mundis.

321 2026 599 2086 Cooperiant
638 2023 701 2089 (v.
742 2024 870 2090 490).
914 2028 1130 2084 Quatuor
1162 2026 1348 2090 syllabis
1378 2028 1801 2088 pronuntiandum,
1825 2038 1878 2074 ut
1912 2045 1967 2088 v,

253 2103 344 2159 343
358 2136 373 2161 ,
394 2103 698 2162 cooperuisse.

318 2177 493 2240 Corpus
512 2193 618 2222 cum
648 2179 879 2239 sangathe
900 2175 963 2242 (v.
989 2176 1117 2242 500).
1141 2180 1304 2225 Lamb.
1337 2189 1385 2225 et
1405 2182 1551 2226 Bentl.
1575 2181 1843 2226 maluissent
1863 2197 1969 2225 san-

246 2256 353 2317 guis
387 2270 492 2304 cum
525 2269 742 2316 corpore,
776 2255 910 2316 quod
940 2256 1124 2317 planius
1149 2256 1313 2319 utique
1345 2249 1526 2317 fuisset,
1550 2258 1632 2303 sed
1659 2258 1812 2303 minus
1841 2273 1963 2318 poe-

249 2331 408 2378 ticum.

317 2408 568 2469 Concipere
602 2406 664 2473 (v.
706 2406 818 2473 502)
842 2409 1005 2470 saepius
1035 2410 1094 2455 de
1123 2411 1403 2470 corporibus
1431 2427 1531 2455 non
1563 2411 1722 2456 solidis
1753 2420 1799 2456 et
1832 2427 1964 2456 com-

246 2485 396 2546 pactis
410 2485 596 2542 dicitur,
617 2501 721 2546 quae
734 2485 1014 2532 humoribus
1036 2485 1325 2532 imbuuntur.
1347 2487 1416 2534 Cf.
1442 2489 1739 2542 Commu„
1761 2489 1821 2532 de
1834 2487 1964 2541 Arbz,

249 2576 289 2607 c.
311 2563 554 2620 x;Pr.11‹.‚
577 2562 634 2606 H.
659 2563 745 2617 N„
771 2578 879 2608 xvu
897 2598 910 2622 ,
946 2562 1039 2622 333
1071 2571 1116 2608 et
1135 2564 1311 2620 Ovm„
1335 2565 1479 2618 Met.‚
1512 2579 1586 2620 Ἦ,
1624 2564 1731 2623 397.

316 2635 376 2699 (v.
402 2635 531 2701 508.)
556 2639 715 2696 Quum
736 2655 875 2686 voces
897 2640 952 2685 υἱ
973 2641 1106 2685 venti
1125 2656 1150 2685 e
1173 2653 1311 2701 versu
1333 2648 1556 2700 sequente
1577 2639 1671 2682 huc
1695 2637 1856 2682 delatae
1888 2637 1964 2681 vi-

250 2711 464 2771 deantur,
497 2714 686 2761 Creech.
712 2715 835 2775 conj.
861 2716 1029 2761 imbres
1062 2727 1156 2760 tum
1183 2732 1234 2761 se
1257 2726 1302 2761 et
1323 2715 1505 2762 Wakef.
1535 2724 1629 2758 tum
1654 2729 1705 2757 se
1728 2713 1964 2758 dimittere.

321 2790 514 2851 Utroque
541 2788 603 2854 (v.
645 2789 772 2854 516).
806 2791 986 2837 Wakef.
1031 2792 1178 2837 edidit
1202 2803 1422 2853 utraque,
1456 2791 1577 2836 hanc
1601 2788 1776 2835 addens
1811 2788 1965 2833 inter—-

247 2864 555 2926 pretationem
590 2883 602 2911 ε
636 2886 656 2908 «
692 2869 770 2922 Vi,
800 2868 999 2926 scilicet,
1042 2877 1137 2913 tam
1175 2870 1514 2914 cumulatarum
1543 2881 1794 2927 aquarum,
1824 2879 1964 2926 quam

249 2941 378 2988 venti
403 2942 671 3006 inargentis.
696 2964 718 2986 n

316 3019 528 3064 Retinere
550 3016 613 3081 (v.
647 3018 774 3083 518).
798 3021 1026 3068 Absolute
1048 3038 1139 3084 pro
1162 3039 1212 3068 se
1226 3023 1438 3077 retinere,
1462 3020 1557 3066 sive
1579 3019 1781 3074 retineri,
1807 3027 1860 3063 ut
1882 3033 1966 3064 sae-
2032 3067 2035 3070 ,

251 3095 450 3157 pissime.

318 3172 521 3218 Rehalat
543 3169 605 3235 (v.
632 3170 760 3236 522).
784 3175 1040 3222 Humorem
1063 3193 1088 3223 e
1112 3177 1229 3222 coelo
1253 3175 1493 3236 delapsum
1519 3173 1686 3218 iterum
1708 3180 1848 3233 atque
1871 3171 1963 3217 ite—

235 3261 358 3295 ·rum
387 3265 566 3296 sursum
587 3249 727 3295 halat.
760 3252 969 3310 Wakef„
995 3254 1163 3301 Vossio
1189 3268 1403 3310 suasore,
1430 3249 1633 3296 restituit
1665 3248 1895 3294 redhalat.
