2340 3926
209 281 260 328 (v.
278 277 390 327 950.)
621 277 702 319 DE
736 271 959 320 RERUM
991 274 1238 319 NATURA
1273 274 1382 317 LIB.
1419 276 1454 319 1.
1838 273 1894 317 33

289 377 395 432 Sed
422 376 674 452 quoniam
703 374 862 430 docui
890 373 1208 429 solidissima
1233 377 1474 430 materiai

124 500 128 503 ·
211 476 454 551 Corpora
480 482 739 548 perpetuo
765 469 991 526 volitare
1019 472 1217 527 invicta
1246 493 1343 548 per
1373 492 1570 544 aevum,

211 572 373 627 Nunc
398 589 520 645 age,
549 568 776 622 summai
806 587 1114 643 ecquaenam
1139 570 1207 625 sit
1235 569 1355 625 finis
1389 591 1604 640 eorum,

173 674 178 678 ”
211 670 326 725 Nec
352 686 420 721 ne
447 667 543 735 sit,
570 663 908 737 evolvamu33
942 667 1095 739 item,
1127 667 1274 742 quod
1300 669 1458 723 inane
1490 678 1766 743 repertum
1794 679 1900 737 est,

211 767 315 820 Seu
345 763 518 833 locus,
547 782 610 820 ac
638 763 897 838 spatium,
930 785 1015 819 res
1044 766 1100 818 in
1133 786 1241 839 quo
1272 785 1496 840 quaeque
1527 776 1808 841 genantur,

210 860 583 917 pervideamus
613 873 799 916 utrum
824 862 1037 917 finitum
1064 862 1307 917 funditus
1336 873 1496 917 omne

210 961 456 1028 Constet,
484 979 554 1013 an
583 960 906 1015 immensum
938 972 1120 1035 pateat
1155 959 1240 1015 vel
1275 961 1518 1035 adusque
1552 959 1899 1035 profundum.

287 1058 464 1112 Omne
492 1056 637 1133 quod
665 1070 744 1113 est
772 1058 939 1135 igitur
967 1056 1118 1113 nulla
1144 1060 1363 1135 regione
1390 1059 1602 1113 viarum

208 1155 445 1210 Finitum
471 1167 567 1210 est.
593 1156 842 1231 Namque
871 1168 1173 1211 extremum
1208 1157 1433 1212 debebat
1467 1157 1696 1226 habere3

207 1257 523 1309 Extremum
557 1275 722 1330 porro
754 1253 956 1311 nullius
988 1276 1142 1331 posse
1170 1256 1386 1311 videtur

208 1355 336 1408 Esse
353 1394 370 1423 ,
400 1353 504 1407 nisi
531 1350 676 1406 ultra
705 1353 773 1407 sit
801 1353 948 1427 quod
974 1345 1149 1425 finiat,
1179 1367 1240 1408 ut
1266 1354 1514 1409 videatur

118 1479 126 1486 t
208 1451 479 1522 Quonon
514 1448 728 1526 longius
756 1451 869 1506 haec
899 1471 1084 1507 sensus
1113 1464 1307 1510 natura
1341 1464 1613 1527 sequatur.

208 1548 370 1603 Nunc
397 1559 550 1603 extra
576 1568 844 1603 summam
879 1550 1135 1624 quoniam
1167 1548 1302 1605 nihil
1335 1569 1449 1603 esse
1483 1548 1763 1605 fatendum
1798 1562 1901 1619 est,

208 1648 263 1703 N
265 1666 336 1700 on
362 1647 524 1701 habet
550 1658 866 1701 extremum.
901 1649 1064 1703 Caret
1091 1667 1220 1722 ergo
1249 1647 1356 1701 fine
1385 1646 1686 1721 modoque3

209 1745 326 1801 Nec
354 1744 518 1799 refert
545 1743 740 1819 quibus
765 1746 979 1800 assistas
1007 1745 1319 1821 regionibus
1353 1736 1492 1821 ejus:

206 1844 393 1917 Usque
420 1841 554 1897 adeo
581 1862 744 1918 quem
773 1844 1001 1919 quisque
1033 1843 1212 1899 locum
1243 1844 1512 1920 possedit,
1542 1845 1598 1899 in
1626 1865 1811 1901 omnes

206 1939 547 1996 Tantundem
573 1952 752 2017 partes
780 1940 1054 2007 infinitum
1083 1963 1242 1997 omne
1271 1942 1545 2018 relinquit.

286 2041 571 2111 Praeterea,
604 2040 648 2094 si
670 2040 783 2116 jam
814 2039 1031 2095 finitum
1058 2042 1421 2097 constituatur

209 2139 386 2193 Omne
411 2138 559 2213 quod
584 2151 665 2193 est
698 2140 932 2216 spatium
963 2162 974 2193 :
1008 2141 1052 2194 si
1080 2141 1199 2214 quis
1230 2146 1514 2215 procurrat
1545 2141 1612 2194 ad
1643 2161 1764 2195 oras

210 2233 450 2289 Ultimus
481 2248 748 2290 extremas
766 2277 780 2305 ‚
807 2236 1077 2310 jaciatque
1106 2235 1325 2291 volatile
1355 2235 1554 2306 telum3

209 2332 275 2387 ld
301 2331 491 2407 validis
520 2345 708 2388 utrum
743 2345 1053 2388 contortum
1082 2334 1288 2388 viribus
1318 2336 1396 2388 ire

209 2432 338 2503 Quo
363 2430 526 2485 fuerit
553 2432 778 2486 missum
807 2432 997 2501 maviS,
1027 2429 1296 2505 longeque
1323 2423 1505 2487 volare
1525 2476 1539 2502 ,

209 2532 293 2584 An
322 2529 608 2605 prohibere
637 2528 843 2603 aliquid
872 2548 1079 2599 censeS,
1109 2529 1430 2605 obstareque
1461 2532 1657 2606 posse?

210 2625 548 2683 Alterutrum
577 2627 792 2682 fatearis
821 2627 965 2682 enim
991 2647 1276 2703 sumasque
1305 2649 1523 2684 necesse
1546 2643 1627 2685 est
1655 2652 1667 2683 z

211 2726 460 2795 Quorum
486 2737 785 2800 utrumque
806 2726 900 2780 tibi
933 2725 1194 2802 effugium
1221 2725 1530 2807 praecludit,
1559 2739 1614 2782 et
1640 2748 1799 2783 omne

213 2824 376 2898 Cogit
401 2835 463 2878 ut
487 2835 736 2899 exempta
762 2823 1023 2878 concedas
1051 2823 1158 2878 fine
1187 2836 1387 2899 patere.

214 2921 355 2977 Nam
389 2921 499 2976 sive
524 2934 605 2977 est
633 2920 841 2997 aliquid
868 2921 1014 2996 quod
1043 2923 1330 2997 prohibeat
1358 2921 1667 2997 officiatque

213 3020 343 3091 Quo
370 3017 534 3072 minu’
564 3040 673 3094 quo
700 3020 924 3075 missum
954 3032 1033 3075 est
1062 3021 1262 3090 veniat,
1295 3020 1497 3095 finique
1526 3019 1666 3076 locet
1694 3042 1778 3092 se,

211 3117 338 3172 ‘Sive
369 3115 510 3170 foras
539 3114 741 3188 fertur,
770 3139 880 3175 non
911 3130 990 3174 est
1018 3139 1080 3173 ea
1106 3118 1219 3174 fini'
1247 3118 1502 3193 profecto.

214 3218 330 3270 Hoc
360 3225 519 3290 pacto
554 3232 763 3286 sequar,
789 3225 951 3289 atque
982 3234 1103 3269 oras
1132 3215 1444 3291 ubicunque
1476 3216 1668 3273 locaris

1609 3322 1642 3378 3
