2320 3866
871 277 939 320 IN
974 274 1354 319 LUCRETIUM.
1876 274 1970 335 289

326 381 496 424 Ferunt
513 374 576 441 (v.
604 371 697 439 42).
724 375 759 418 Ι.
784 387 823 417 e.
849 378 1063 430 crepant,
1083 368 1275 428 jactant.

325 453 535 499 Rationis·
559 449 619 515 (v.
649 446 742 512 44).
766 446 904 491 Ratio
927 443 1092 504 saepius
1116 443 1534 505 apud'Lucretium
1546 458 1638 503 pro
1652 442 1968 502 philosophia

257 529 476 575 occurrit.
501 526 623 573 Vide
646 525 707 570 ad
730 539 774 580 1,
798 522 875 568 82.

330 605 523 650 Ventum
546 599 608 665 (v.
645 596 725 662 46)
750 597 996 658 prosumo
1008 631 1024 653 ‚
1065 599 1275 643 vanitate
1294 597 1502 657 positum
1541 611 1637 642 esse
1675 595 1969 643 contendunt

254 682 546 740 interpretes
571 677 665 724 Sed
685 690 870 720 versum
893 675 1020 719 hunc
1043 674 1163 720 mira
1186 674 1435 736 sagacitate
1458 674 1615 719 versui
1640 674 1699 729 43
1726 671 1969 731 subjunxit

253 755 470 815 Bentlej.,
505 754 638 813 cujus
658 750 853 796 rationis
875 751 1045 796 veritas
1066 750 1244 795 nemini
1275 765 1375 794 non
1401 758 1559 809 potest
1582 747 1828 795 clarissima
1857 763 1967 793 esse.

314 834 577 877 Par-entant
596 826 657 892 (v.
685 825 780 891 51).
806 827 1010 872 Mortuis
1044 842 1173 873 sacra
1195 825 1396 882 faciunt,
1427 825 1632 886 ideoque
1663 825 1840 872 animas
1861 834 1971 884 post

250 917 705 966 mortemsuperesse
738 905 950 950 credunt.

312 981 557 1042 Effugis-re
580 977 642 1044 (v.
668 977 765 1044 69).
793 979 974 1025 Wakef.
999 994 1057 1025 ex
1081 977 1300 1024 omnibus
1313 1012 1326 1036 ,
1350 977 1641 1036 utvidetur,
1665 977 1799 1024 libris
1821 993 1967 1023 revo-

248 1059 366 1104 cavit
387 1057 622 1120 qffugzkse.
646 1084 712 1091 —
735 1058 930 1102 Recesse
953 1053 1011 1120 (i.
1037 1072 1076 1102 e.
1101 1052 1359 1119 recessisse)
1384 1070 1444 1102 ex
1471 1055 1686 1122 Lambin.
1713 1054 1867 1114 conj.;
1892 1055 1970 1100 alii

247 1149 460 1180 remos-se.
937 1137 942 1145 '
1573 1125 1582 1131 ’

313 1211 372 1256 V.
411 1224 514 1267 70—
530 1224 590 1267 72
634 1225 662 1255 a
694 1210 967 1269 Macrobio‚
999 1210 1096 1256 Sat.
1132 1225 1210 1266 w,
1247 1224 1302 1266 2,
1341 1208 1605 1258 afferuntur
1649 1207 1755 1253 c'um
1783 1207 1970 1270 virgil„

249 1285 413 1348 Geooe.
426 1319 442 1340 ,
469 1302 538 1344 11,
557 1284 652 1332 510
675 1295 722 1332 et
747 1285 835 1332 511
870 1286 1165 1348 comparati.

309 1364 368 1407 V.
394 1363 551 1424 87-93
575 1364 799 1425 leguntur
821 1363 960 1409 etiam
986 1379 1054 1422 11,
1082 1361 1266 1421 54-60,
1290 1371 1439 1420 etv1‚
1467 1360 1638 1418 35-41.

310 1436 374 1502 (v.
411 1437 538 1502 100.)
573 1439 691 1498 Cic„
725 1442 930 1495 Tuscul.,
972 1456 1019 1499 1,
1056 1455 1204 1485 101«
1227 1439 1538 1488 Aristoxenus
1559 1438 1791 1496 musicus,
1814 1437 1970 1484 idem-

244 1529 337 1575 que
369 1514 679 1576 philosophus
703 1513 938 1579 (animum
962 1532 1067 1562 esse
1101 1513 1283 1579 censet)
1316 1515 1464 1575 ipsius
1494 1514 1707 1575 corporis
1740 1512 1969 1560 intentio—

242 1606 351 1635 nem
379 1591 653 1651 quamdam,
675 1594 805 1638 velut
828 1592 893 1637 in‘
907 1603 1050 1657 centu
1074 1602 1119 1637 et
1142 1590 1344 1649 fidibus,
1371 1607 1474 1652 quae
1498 1588 1744 1636 harmonia
1775 1589 1970 1638 dicitur;

243 1667 307 1711 sic
336 1682 395 1713 ex
417 1669 630 1728 corporis
663 1669 807 1723 totius
838 1677 1008 1715 natura
1041 1677 1087 1714 et
1121 1667 1278 1731 figura
1313 1667 1472 1714 varios
1500 1677 1658 1713 motus
1690 1666 1828 1725 cieri,
1861 1674 1970 1712 tan—

242 1758 385 1803 quam
408 1743 458 1788 in
481 1754 623 1790 cantu
643 1761 799 1804 sonos.
831 1745 920 1791 Hic
943 1747 1002 1791 ab
1032 1744 1231 1792 artificio
1255 1762 1341 1792 suo
1378 1761 1478 1792 non
1500 1745 1714 1803 recessit,
1742 1754 1788 1790 et
1815 1752 1972 1790 tamen

242 1819 362 1864 dixit
393 1821 599 1882 aliquid,
623 1823 757 1883 quod
785 1823 939 1884 ipsum
963 1826 1102 1885 quale
1126 1833 1267 1882 esset,
1294 1833 1393 1870 erat
1412 1826 1564 1870 multo
1589 1833 1696 1869 ante
1721 1832 1767 1868 et
1794 1822 1973 1868 dictum

241 1904 288 1941 et
309 1898 610 1961 explanatum
629 1901 874 1946 aPlatone.
893 1921 912 1942 »
935 1900 1120 1947 Scilicet
1141 1901 1191 1946 in
1214 1901 1461 1947 Phoedone
1472 1935 1487 1958 ‚
1507 1915 1555 1961 p.
1583 1899 1643 1947 86
1658 1935 1671 1958 ‚
1694 1900 1852 1958 B,uhi
1874 1899 1971 1944 haec

242 1974 467 2036 leguntur
490 1991 501 2019 ε
531 1982 618 2025 Καὶ
640 1983 716 2041 γὰρ
735 1966 830 2037 οὖν,
860 1981 891 2027 ὧ
916 1985 1125 2042 Σώκρατες
1141 2017 1152 2037 ,
1177 1980 1289 2042 οἶμαι
1307 1986 1434 2043 ἔγωγε
1457 1984 1528 2028 καὶ
1545 1984 1663 2027 αὐτόν
1691 2000 1737 2026 σε
1761 1988 1879 2025 τοῦτο
1908 1999 1966 2025 εν-

241 2060 515 2115 τιθυμῆσθοιι,
545 2060 606 2102 ὅτι
628 2062 803 2104 τοιοῦτόν
827 2079 869 2104 τι
904 2063 1087 2120 μάλιστα.
1111 2063 1452 2120 ὑπολαμβάνομεν
1472 2062 1558 2109 ,τὴν
1594 2059 1719 2118 ψυχὴν
1762 2055 1888 2118 εἶναι,
1920 2059 1971 2109 ὥς

243 2149 316 2191 περ
354 2135 617 2193 ἐντεταμένου
640 2143 710 2181 τοῦ
742 2139 931 2196 σώματος
952 2143 1064 2196 ἡμῶν
1092 2139 1162 2182 καὶ
1190 2139 1446 2196 ξυνεχομένου
1467 2139 1544 2182 ὑπὸ
1571 2143 1711 2196 Θερμοῢ
1737 2136 1807 2181 καὶ
1824 2137 1969 2195 ψυχροῦ

239 2208 309 2251 καὶ
339 2209 454 2269 ξηροῦ
489 2211 560 2255 καὶ
582 2215 698 2271 ὑγροῦ
737 2214 806 2257 καὶ
829 2217 1016 2257 τοιούτων
1042 2216 1176 2265 τινῶν,
1203 2217 1341 2272 κρᾶσιν
1384 2210 1483 2258 εἶναι
1509 2214 1583 2259 καὶ
1616 2215 1806 2272 ἁρμονίαν
1837 2215 1967 2256 αὐτῶν

240 2286 390 2329 τούτων
406 2288 479 2336 τὴν
497 2287 622 2345 ψυχὴν
638 2292 750 2347 ἡμῶν
769 2324 780 2340 ,
804 2287 970 2334 ἐπειδὰν
985 2296 1121 2334 ταῦτα
1136 2297 1266 2340 καλῶς
1277 2292 1346 2334 καὶ
1371 2293 1538 2350 μετρίως
1550 2295 1676 2349 κραθῇ
1691 2307 1788 2348 προς
1802 2291 1967 2336 ἄλληλα..

305 2358 460 2417 AEgrit
479 2354 542 2421 (v.
573 2356 697 2423 107).
724 2361 828 2406 «Ita
853 2370 1126 2420 veteres‚ut
1155 2370 1202 2406 et
1225 2372 1415 2423 oegret.»
1446 2363 1659 2408 Carmen.
1689 2360 1873 2406 Wakef.
1910 2375 1967 2404 ex

240 2432 460 2479 omnibus
482 2434 615 2481 libris
635 2452 822 2483 versum
849 2437 912 2484 sic
937 2439 1139 2484 restituit
1163 2456 1173 2483 :

414 2575 524 2629 Saepe
543 2574 675 2630 itaque
694 2577 734 2617 in
756 2586 942 2634 promptu
965 2592 1124 2634 corpus,
1148 2578 1254 2633 quod
1274 2579 1469 2628 cernitur,
1490 2592 1647 2632 aegrum.

306 2705 362 2749 V.
394 2705 482 2756 133
506 2706 571 2757 ita
595 2711 837 2758 constituit
857 2711 1047 2775 Forbig.
1077 2729 1087 2756 ε

414 2836 588 2888 Nomen,
611 2838 662 2879 ab
681 2838 871 2892 organicis
888 2839 968 2880 alto
991 2838 1164 2879 delatum
1179 2836 1379 2885 Heliconi,

242 2964 289 3000 et
313 2953 404 2999 loci
427 2970 609 3001 sensum
634 2967 759 3004 recte
783 2959 984 3019 explicat
1009 2976 1019 3004 ε
1043 2960 1266 3004 «Nomen
1286 2953 1564 3012 harmoniae,
1589 2954 1649 2998 ab
1676 2952 1907 3015 organicis
1931 2969 1964 2998 s.

235 3030 427 3076 musicis
451 3046 510 3077 ex
524 3033 619 3077 alto
642 3034 888 3093 Helicone,
914 3036 999 3081 ubi
1013 3037 1188 3096 Apollo
1205 3070 1219 3093 ‚
1243 3032 1442 3078 musices
1465 3031 1707 3088 inventor,
1736 3046 1844 3074 cum
1857 3031 1965 3074 Mu-

240 3098 301 3153 sis
326 3117 565 3166 versatur,
590 3109 889 3169 deportatur,
913 3113 984 3159 his
1009 3112 1222 3171 musicis,
1245 3120 1298 3156 ut
1317 3118 1430 3170 pote
1454 3107 1565 3169 ipsis
1588 3106 1860 3168 proprium,
1885 3106 1963 3152 sed

246 3199 271 3229 a
297 3184 595 3245 philosophia
626 3186 825 3232 alienum
841 3223 854 3246 ‚
876 3189 1082 3237 restitue.
1107 3210 1128 3231 »
1541 3173 1544 3184 Ι

313 3261 532 3306 Animum
555 3272 690 3324 atque
714 3265 923 3310 animam
941 3264 1003 3329 (v.
1036 3264 1160 3327 137).
1176 3286 1194 3307 «
1210 3265 1422 3311 Vocibus
1445 3263 1626 3308 animus
1650 3270 1696 3306 et
1710 3261 1870 3305 anima
1887 3258 1961 3303 in-

1636 3368 1704 3424 19
