2320 3866
802 266 880 319 IN'
902 275 1283 321 LUCRETmM.
1800 270 1890 337 2⁴73
1922 254 1926 255 ἦ

256 371 319 436 (v.
348 370 480 436 986.)
506 371 745 432 Constuaeet
764 385 854 430 pro
882 369 1193 426 confluxisset.
1217 371 1293 416 Sic
1307 373 1568 416 exstinxem
1591 385 1683 430 pro
1708 375 1892 418 exstin-

190 450 362 495 πίω-01η
389 449 519 510 apud
538 448 669 510 Virg.
682 483 696 506 ,
714 445 896 495 AEneid.
910 479 934 501 ,b
958 462 1034 503 w,
1063 446 1173 492 606.
1692 461 1694 463 ·

255 523 319 588 (v.
349 523 508 588 1004.)
530 525 844 584 ΝοοΡ0551111ῐ
876 522 1029 567 facere
1051 520 1243 568 flumina
1259 557 1273 581 ,
1297 524 1381 568 etsi
1404 525 1464 569 ab
1494 533 1668 570 aeterno
1689 523 1739 568 in
1753 532 1891 568 aeter-

154 605 159 610 '
188 617 302 646 num
324 599 497 660 fluant,
519 609 573 645 ut
603 599 755 652 minus
770 599 872 649 ,viae
902 607 1055 644 restet.
1761 649 1767 655 ⁶

253 676 317 741 (v.
346 693 461 723 1011
495 674 586 740 sq.)
608 676 773 720 Devhis
797 675 1010 720 versibus
1030 674 1159 719 varia
1172 674 1463 735 interpretes.
1489 677 1685 721 Sensum
1715 675 1779 720 sic
1804 689 1891 719 ex-

185 753 323 813 ponit
346 753 590 800 Creechius
606 768 618 796 :
634 751 848 797 «Si'vero
872 752 1147 796 alterutrum
1169 766 1267 795 non
1289 752 1504 796 terminet
1519 767 1681 796 eorum
1697 753 1894 796 alterum

186 827 405 891 (Corpus
423 827 638 874 videlicet
672 825 860 891 Inane),
893 827 975 873 sed
1008 829 1282 873 alterutrum
1308 835 1489 870 tantum
1527 842 1690 871 eorum
1722 825 1891 888 (videl.

188 904 352 970 Inane)
372 914 487 952 esset
511 903 746 949 infinitum
770 920 864 950 una
892 912 1083 961 natura,
1110 911 1211 946 tum
1222 918 1308 947 nec
1329 917 1484 960 mare,
1499 918 1585 947 nec
1615 911 1755 961 terra,
1767 909 1853 947 etc.
1871 921 1891 943 »

251 983 623 1028 Immoderatum.
658 983 694 1026 I.
739 997 779 1026 e.
819 989 1001 1045 ἄπειρον,
1038 980 1333 1037 1111111011511111,
1363 978 1613 1025 infinitum.
1661 981 1734 1024 Ita
1765 979 1859 1024 Cic.
1877 1013 1891 1037 ,

182 1059 243 1103 de
268 1060 378 1104 Nat.
409 1060 572 1114 Deon,
606 1074 676 1116 11,
705 1058 764 1105 25
799 1075 810 1102 :

1906 490 1918 531 ἔ,

350 1214 472 1256 Vides
492 1215 659 1257 sublime
676 1215 829 1265 fusum,
845 1215 1149 1257 immoderatum
1169 1215 1329 1257 aethera.

244 1352 412 1396 Divum
435 1367 630 1412 corpora
656 1361 823 1406 sancta
844 1351 909 1415 (v.
932 1349 1089 1415 1014).
1106 1351 1252 1397 Simili
1278 1352 1533 1397 verborum
1563 1351 1760 1399 circuitu
1787 1354 1889 1399 Lu-

181 1436 322 1486 cret.,
363 1444 430 1487 11,
468 1428 617 1487 1083,
650 1441 889 1489 «corpora
932 1427 1247 1486 τ’01111111111’1,»ν
1273 1436 1320 1474 et
1363 1445 1436 1486 11,
1475 1429 1622 1487 1153,
1655 1446 1892 1490 «corpora

179 1505 386 1550 ferarum
406 1524 427 1546 »
451 1504 591 1563 dicit,
624 1505 797 1565 quibus
827 1521 934 1550 cum
965 1504 1080 1550 locis
1116 1505 1381 1565 comparari
1407 1514 1628 1564 possunt,
1661 1522 1725 1563 11,
1759 1506 1853 1564 878
1876 1542 1891 1565 ,

176 1600 196 1619 α
213 1595 415 1641 corpora
434 1581 852 1641 pennipotentum,
867 1600 888 1622 >2
917 1589 963 1626 et
983 1596 1029 1638 v,
1059 1580 1154 1640 960
1170 1614 1184 1638 ,
1207 1595 1446 1640 «corpora
1472 1590 1734 1639 amantum,
1758 1601 1778 1622 υ
1807 1582 1891 1626 ubi

176 1665 331 1702 tamen
357 1672 455 1702 vox
482 1672 682 1718 corpora
704 1673 803 1702 non
832 1672 1027 1717 prorsus
1058 1656 1299 1701 abundare
1327 1656 1529 1701 videtur.

253 1734 525 1793 Qualibus...
550 1733 682 1778 rebus
710 1731 774 1797 (v.
798 1731 957 1797 1027).
983 1752 1002 1774 «
1020 1733 1362 1795 Conjungenda
1385 1742 1492 1778 sunt
1519 1735 1666 1779 verba
1679 1736 1890 1795 qualibus

174 1811 307 1856 rebus
319 1843 338 1866 ‚
361 1819 416 1856 ut
446 1825 605 1856 sensus
628 1825 716 1870 per
746 1810 1070 1856 attractionem
1099 1809 1349 1870 quamdam
1367 1811 1447 1862 ‚vel
1469 1810 1890 1871 breviloquentiam

174 1887 239 1931 sic
269 1886 522 1947 capiendus
551 1887 610 1932 sit
652 1904 663 1931 :
702 1886 750 1932 in
785 1889 898 1933 tales
933 1886 1260 1948 disposituras,
1297 1879 1400 1946 quae
1436 1902 1510 1931 res
1541 1886 1745 1934 efficiant
1767 1889 1888 1948 illas,

174 1963 345 2022 quibus
369 1964 466 2009 haec
495 1979 671 2009 summa
701 1964 855 2009 creata
886 1963 1164 2009 consistat.»
1187 1964 1386 2008 Fonme.

239 2040 438 2084 Avidum
481 2036 545 2103 (v.
577 2037 736 2103 1030).
768 2041 804 2084 I.
840 2055 880 2085 e.
916 2054 1076 2085 omnes
1114 2038 1242 2084 orbis
1267 2047 1499 2084 terrarum
1536 2040 1687 2095 undas
1722 2028 1909 2101 cupide*

177 2115 428 2174 arripiens,
451 2130 613 2161 omnes
643 2113 814 2161 fluvios
848 2115 1054 2161 ebibens.

239 2193 478 2252 Integrent
503 2188 567 2254 (v.
598 2188 756 2252 1031).
790 2191 1076 2237 Exhaustum
1105 2189 1339 2249 reficiant,
1373 2199 1623 2250 renovent,
1648 2201 1733 2237 etc.

240 2275 304 2341 (v.
341 2274 502 2341 1039.)
518 2279 656 2323 Hunc
670 2279 828 2323 locum
854 2277 918 2323 sic
942 2277 1277 2338 interpretatur
1291 2277 1539 2323 Creechius
1561 2294 1572 2322 z
1597 2297 1617 2319 «
1631 2278 1707 2324 Sic
1727 2281 1888 2340 quod-

176 2370 377 2415 cumque
405 2363 679 2400 concretum
717 2363 785 2399 est
822 2352 1001 2417 (rerum
1025 2351 1222 2418 summa)
1247 2354 1388 2400 debet
1416 2355 1629 2413 interire,
1663 2355 1798 2401 simul
1838 2372 1890 2402 ac

173 2430 387 2477 materies
417 2429 622 2495 (infinita
652 2439 918 2476 atomorum
956 2428 1231 2494 multitudo)
1260 2446 1287 2475 a
1319 2430 1481 2476 debito
1512 2446 1597 2476 suo
1631 2447 1770 2477 cursu
1803 2433 1890 2479 de-

174 2505 386 2566 flectens,
426 2507 562 2553 desiit
596 2507 944 2553 subministrare
987 2507 1162 2552 semina
1191 2507 1318 2553 unde
1353 2508 1632 2553 resarciatur
1669 2509 1720 2555 id
1757 2512 1892 2571 quod

174 2583 388 2629 amissum
410 2592 491 2629 est.
516 2604 535 2625 »
576 2583 790 2643 Deficere
819 2600 925 2629 cum
953 2582 1187 2629 infinitivo
1226 2583 1377 2629 rarius
1411 2573 1732 2647 conjungitur.
1764 2587 1887 2633 Vide

174 2659 380 2717 Simon,
402 2675 495 2718 -111,
525 2675 638 2718 111,
666 2668 713 2704 et
738 2662 1003 2719 Pnornn'r„
1037 2676 1086 2719 1,
1119 2660 1181 2733 8,
1205 2661 1290 2706 23..

244 2743 308 2810 (v.
340 2745 499 2811 1050.)
521 2748 650 2794 Solet
673 2749 845 2794 Noster
868 2764 985 2809 opus
1014 2764 1114 2793 esse
1136 2747 1300 2808 saepius
1323 2747 1419 2792 fere
1447 2763 1553 2792 cum
1568 2748 1877 2807 nominativo,

177 2837 319 2883 quam
342 2836 449 2867 cum
478 2822 679 2869 ablativo
706 2833 990 2871 construere.

241 2895 305 2961 (v.
328 2894 488 2960 1056.)
511 2916 532 2939 α
546 2901 611 2945 At
630 2915 744 2946 vero
769 2901 875 2962 quis
907 2901 1067 2951 credat
1090 2900 1270 2962 aliquid
1292 2915 1339 2945 se
1365 2899 1515 2959 ipsum
1532 2899 1690 2944 sistere
1705 2909 1752 2945 et
1781 2916 1886 2946 sus-

175 2972 360 3019 tinere?
385 2973 501 3031 Quis
535 2976 722 3034 credat,
746 2993 819 3023 res
852 2993 1014 3039 graves
1044 2994 1147 3038 quae
1178 2985 1284 3022 sunt
1307 2976 1355 3020 in
1379 2975 1573 3021 adversa
1602 2984 1736 3020 terrae
1770 2977 1887 3023 facie

175 3066 357 3099 sursum
405 3065 565 3096 omnes
597 3053 813 3111 tendere,
847 3064 892 3099 et
927 3055 978 3099 in
1021 3063 1154 3100 terrae
1184 3051 1427 3114 superficie
1465 3046 1593 3097 retro
1628 3050 1886 3115 (contrario

174 3129 312 3188 plane
346 3143 398 3172 ac
434 3143 521 3173 nos
555 3126 665 3191 situ)
691 3130 865 3189 positas
887 3130 1154 3191 quiescere?
1187 3129 1366 3175 Eodem
1391 3145 1584 3190 prorsus
1612 3129 1757 3175 modo
1790 3145 1886 3190 quo

177 3204 406 3249 cernimus
427 3204 671 3250 simulacra
696 3214 855 3252 nostra
870 3201 935 3252 ‘in
957 3208 1091 3268 aquis
1114 3204 1343 3270 (pedibus
1364 3206 1534 3251 nostris
1557 3207 1695 3266 plane
1726 3220 1883 3267 oppo-

178 3277 310 3343 sitis).
329 3301 347 3321 »
382 3281 592 3326 anzcn.

1539 3365 1603 3422 18
