2300 3926
381 303 448 347 *66
958 306 1009 348 T.
1048 306 1338 354 LUCRETn
1370 309 1513 355 CARI
1896 311 1947 362 (v.
1966 311 2078 363 800.)

386 410 579 471 Pluma
607 410 984 467 columbarum
1014 433 1124 488 quo
1159 425 1317 489 pacto
1352 414 1408 468 in
1440 411 1551 468 sole
1578 410 1818 480 videtur,

387 512 525 582 Quae
554 512 655 565 sita
682 512 918 566 cervices
941 498 1147 566 circum
1171 511 1481 587 collumque
1507 521 1754 581 coronat,

387 610 636 683 Namque
667 607 797 663 alias
832 608 892 664 fit
927 609 1007 664 uti
1034 610 1202 665 rubro
1232 611 1299 664 sit
1334 608 1478 664 clara
1514 628 1721 687 pyropo
1748 630 1759 663 :

388 707 670 761 Interdum
704 706 942 782 quodam
976 727 1136 763 sensu
1164 707 1225 762 fit
1258 708 1338 762 uti
1368 707 1621 763 videatur

387 808 539 861 Inter
571 804 860 862 caeruleum
895 806 1092 862 virides
1119 808 1343 862 miscere
1372 806 1696 883 smaragdos

387 905 683 981 Caudaque
714 907 967 981 pavoniS,
1002 905 1152 981 larga
1185 896 1356 981 quum
1393 904 1513 961 luce
1543 903 1752 982 repleta
1783 917 1887 977 est,

388 1003 671 1059 Consimili
707 1015 883 1059 mutat
911 1006 1122 1060 ratione
1154 1005 1380 1060 obversa
1411 1003 1636 1060 colores.

389 1102 525 1172 Qui,
559 1104 820 1177 quoniam
856 1103 1095 1176 quodam
1122 1104 1425 1179 gignuntur
1457 1102 1676 1158 luminis
1711 1104 1853 1175 iem,

392 1197 610 1254 Scilicet
646 1198 700 1252 id
732 1200 847 1253 sine
884 1219 948 1253 eo
976 1199 1094 1254 fieri
1128 1221 1238 1255 non
1271 1220 1428 1276 posse
1459 1199 1764 1275 putandum
1796 1213 1891 1256 est.

466 1299 536 1350 Et
566 1297 824 1371 quoniam
862 1296 1033 1372 plagae
1067 1299 1342 1372 quoddam
1368 1320 1538 1374 genus
1569 1300 1768 1374 excipit
1791 1294 1939 1356 inse

387 1391 628 1469 Pupula‚
657 1415 830 1469 quum
866 1396 1068 1449 sentire
1102 1394 1342 1450 colorem
1374 1396 1575 1450 dicitur
1602 1394 1809 1467 album,

388 1493 572 1566 Atque
599 1490 748 1546 aliud
782 1513 982 1568 porr0‚
1021 1493 1243 1569 nigrum
1273 1514 1447 1568 quum
1480 1507 1534 1548 et
1566 1486 1972 1567 caetera'sentit,

389 1592 505 1646 Nec
539 1590 704 1645 refert
734 1611 797 1645 ea
822 1612 942 1667 quae
975 1592 1176 1668 tangis,
1207 1612 1316 1667 quo
1349 1592 1489 1648 forte
1523 1592 1704 1653 colore

390 1691 623 1747 Praedita
658 1694 792 1761 sint,
827 1712 1018 1746 verum
1051 1690 1201 1767 quali
1233 1692 1404 1769 magis
1439 1704 1567 1768 apta
1598 1692 1805 1769 figura:

393 1790 541 1845 Scire
568 1789 698 1846 licet
735 1790 812 1845 nil
841 1790 1126 1866 principiis
1161 1810 1299 1866 opus
1326 1810 1442 1846 esse
1474 1789 1708 1863 coloreS‚

391 1887 499 1943 Sed
534 1890 696 1944 variis
724 1889 912 1944 formis
940 1890 1211 1944 variantes
1245 1888 1627 1946 edere'tactus.

472 1991 762 2058 Praeterea,
797 1990 1057 2064 quoniam
1089 2008 1201 2048 non
1224 1987 1385 2042 certis
1412 2000 1561 2043 certa
1591 1988 1779 2065 figuris

394 2090 492 2142 Est
521 2098 718 2148 natura
751 2086 977 2156 coloris,
1012 2099 1066 2142 et
1094 2087 1278 2141 omnia
1308 2087 1706 2162 principiorum

374 2189 774 2241 'Formamenta
807 2198 1018 2261 queunt
1046 2186 1103 2239 in
1132 2186 1324 2259 quovis
1350 2205 1463 2240 esse
1497 2186 1697 2255 nitore3

394 2285 510 2340 Cur
541 2274 602 2338 ea
637 2305 757 2359 quae
787 2295 1038 2341 constant
1067 2304 1132 2339 ex
1163 2282 1293 2354 illis,
1324 2304 1434 2340 non
1463 2286 1668 2360 pariter
1696 2299 1824 2347 sunt

396 2383 714 2458 Omnigenis
745 2382 964 2457 perfusa
991 2381 1264 2448 coloribus
1294 2384 1350 2436 in
1381 2403 1578 2459 genere
1608 2385 1799 2439 omni?

396 2481 767 2537 Conveniebat
795 2481 939 2535 enim
967 2500 1184 2551 corv05‚
1215 2500 1433 2556 quoque
1462 2502 1599 2558 saepe
1627 2482 1869 2539 volantes

393 2581 477 2636 Ex
506 2578 640 2634 albis
671 2578 856 2634 album
879 2580 1072 2655 pennis
1097 2580 1305 2659 jactare
1335 2577 1597 2651 colorem,

395 2681 464 2733 Et
499 2679 684 2755 nigros
714 2677 831 2733 fieri
864 2679 1020 2755 nigro
1051 2676 1117 2732 de
1148 2679 1351 2733 semine
1381 2698 1574 2759 cycnos
1585 2721 1634 2749 ‚a
1714 2746 1717 2748 ‚

395 2780 508 2834 Aut
535 2777 642 2833 alio
671 2780 864 2853 quovis
894 2798 1007 2833 uno
1034 2779 1294 2853 varioque
1322 2777 1520 2833 colore.

476 2877 630 2948 Quin
659 2878 846 2948 etiam,
877 2888 1084 2953 quanto
1117 2878 1173 2942 in
1203 2889 1385 2952 partes
1412 2898 1499 2932 res
1529 2897 1756 2953 quaeque
1784 2879 2020 2953 minutas

395 2975 733 3032 Distrahitur
762 2977 954 3052 magis,
981 2977 1085 3031 hoc
1113 2976 1284 3052 magis
1314 2988 1396 3031 est
1424 2988 1486 3030 ut
1515 2995 1735 3031 cernere
1766 2978 1937 3053 possis

398 3077 731 3130 Evanescere
761 3073 1025 3150 paulatim
1055 3074 1366 3151 stinguique
1400 3072 1653 3130 colorem.

396 3175 475 3228 Ut
504 3173 593 3244 fit,
624 3173 718 3227 ubi
747 3173 804 3227 in
834 3193 1026 3249 parvas
1059 3184 1239 3249 partes
1268 3172 1592 3248 discerpitur
1622 3193 1841 3242 aurum,

398 3272 674 3346 Purpura,
705 3272 1094 3346 Poeniceusque
1123 3269 1274 3327 color
1304 3260 1627 3327 clarissimu’
1693 3267 1891 3341 multo,
