2320 3866
434 273 459 300 2
467 259 492 303 6
499 272 526 300 o
1046 255 1536 301 ADNOTATIONES

433 369 568 413 quam
594 353 723 399 elisio
755 354 918 398 litterae
942 369 964 397 s
987 352 1036 397 in
1062 352 1463 399 terminationibus
1496 367 1546 396 us
1586 360 1629 397 et
1667 353 1706 396 is
1735 361 1841 398 ante
1872 364 2137 414 sequentem

431 438 782 475 consonantem.

460 512 464 518 ‘
498 506 710 567 Quippe,
741 505 821 550 ubi
836 503 907 567 (v.
945 504 1076 567 168).
1102 524 1121 546 «
1138 505 1355 550 Formula
1384 505 1599 550 Lucretio
1630 505 1737 549 satis
1765 505 1932 551 usitata
1958 506 2032 568 (cf.
2052 525 2142 567 111,

431 580 520 636 431
540 600 552 638 3
570 599 621 627 1v
640 619 650 640 ‚
679 583 771 636 436
789 619 801 640 ,
818 582 941 645 668)
963 619 974 641 ,
998 583 1122 642 apud
1144 581 1261 627 alios
1290 581 1537 641 scriptores
1559 582 1707 627 rarius
1726 583 1866 627 obvia
1890 581 1973 645 (ut
1987 586 2117 646 Virg.
2132 622 2144 644 ‚

434 660 631 720 Θεονόη,
664 676 711 718 1,
745 658 865 716 5053
895 663 1034 719 Prop.
1057 695 1068 718 ‚
1093 676 1139 717 1,
1166 674 1224 719 9,
1261 674 1412 715 27311
1432 693 1444 716 ,
1481 674 1498 702 1
1521 694 1532 716 ‚
1569 657 1671 722 75).
1693 679 1711 699 »
1741 661 1948 704 Fomnc.

508 737 647 794 Quod
660 738 795 782 cercis
814 737 860 781 in
876 737 1009 781 rebus
1031 734 1106 799 (v.
1138 741 1223 793 174
1239 734 1271 797 ).
1287 755 1306 775 «
1328 734 1489 779 Innuit
1505 735 1768 780 facultatem
1787 745 2008 781 secretam
2032 735 2080 800 (i.
2105 754 2144 782 e.

430 812 696 858 distinctam
729 822 774 859 et
798 812 1086 874 specificam)
1115 813 1165 856 in
1195 828 1290 856 una
1314 811 1474 871 quavis
1497 827 1547 857 re
1582 828 1703 869 esse3
1728 813 1854 857 unde
1879 829 1904 858 e
1935 814 2147 860 caulibus

427 887 635 948 juglans,
661 905 717 934 ex
745 891 936 936 homine
966 892 1040 935 leo
1060 926 1072 949 ‚
1098 898 1207 949 etc.‚
1243 904 1342 933 non
1377 898 1634 934 enascatur.
1654 908 1674 930 »
1709 892 1883 936 Fannii.

498 965 706 1011 Sadame
737 964 810 1030 (v.
845 966 977 1030 176).
1002 966 1209 1011 Humido
1234 973 1279 1011 et
1310 965 1435 1023 udo,
1468 966 1544 1010 vel
1562 965 1760 1011 sudores
1796 966 2022 1012 eliciente.
2053 968 2148 1012 Alii

431 1059 454 1079 α
479 1042 715 1086 suadente.
742 1061 762 1082 »

501 1117 555 1161 Si
579 1132 670 1161 non
696 1115 765 1179 (v.
797 1115 1051 1181 177-180).
1068 1117 1168 1162 Nisi
1199 1116 1330 1175 quod
1347 1152 1359 1174 ‚
1386 1133 1533 1176 quum
1562 1118 1754 1178 propria
1785 1134 1942 1164 rerum
1975 1120 2148 1164 semina

431 1192 603 1238 idonea
624 1201 896 1253 tempestate
920 1193 1144 1252 coierint,
1176 1193 1399 1253 appareat.
1430 1194 1758 1253 quodcumque
1787 1195 2016 1254 gignitur,
2040 1196 2152 1241 dum

431 1268 588 1313 adsint
621 1279 889 1330 opportuna
911 1270 1022 1315 anni
1045 1278 1282 1328 tempora,
1305 1278 1351 1314 et
1372 1278 1536 1329 vegeta
1559 1285 1728 1330 parens
1762 1279 1885 1317 terra
1914 1281 2014 1317 tuto
2042 1289 2152 1333 pro-

432 1344 551 1389 ferat
575 1345 625 1389 in
655 1346 804 1391 lucem
827 1361 902 1391 res
934 1361 1082 1390 novas
1117 1353 1163 1390 et
1185 1343 1408 1389 infirmas.

502 1423 714 1466 Genitali
741 1423 939 1467 concilio
965 1420 1040 1484 (v.
1071 1421 1186 1480 183,
1210 1422 1298 1476 184
1313 1420 1346 1484 ).
1367 1421 1621 1467 Concilium
1646 1423 1852 1483 genitale
1883 1437 2153 1483 congressus

431 1513 687 1557 corporum
715 1498 978 1559 primorum
1005 1498 1066 1544 ad
1087 1498 1380 1558 gignendum
1395 1499 1570 1543 valens.
1591 1499 1844 1544 Concilium
1875 1515 1906 1543 a
1922 1502 2150 1560 cogendo,

431 1561 553 1620 unde
568 1577 705 1636 apud
727 1578 970 1621 Fullonem
984 1576 1306 1621 vestimentum
1318 1609 1333 1630 ,
1352 1576 1463 1620 dum
1487 1576 1690 1636 cogitur,
1707 1576 1952 1621 conciliari
1970 1577 2152 1621 dicitur.

431 1654 629 1710 VARRO,
660 1653 714 1700 L.
762 1655 815 1698 L.
835 1689 847 1712 ,
885 1669 943 1712 v,
987 1652 1032 1697 6.
1075 1653 1328 1698 Concilium
1359 1653 1560 1697 nominis
1601 1653 1727 1713 apud
1765 1653 2038 1700 Tertullian.
2058 1689 2071 1711 ‚
2096 1655 2155 1698 de

353 1743 355 1745 ’
432 1730 614 1784 Pallio,
631 1735 677 1799 ,4
696 1765 709 1789 ,
736 1739 805 1776 est
829 1730 1109 1791 compositio
1136 1730 1342 1775 nominis
1366 1745 1391 1774 e
1418 1730 1596 1775 duabus
1623 1730 1835 1775 vocibus.

499 1805 804 1867 Spatioforet
823 1824 930 1852 usus
954 1805 1023 1869 (v.
1056 1805 1184 1870 185).
1206 1809 1244 1852 Ι.
1276 1823 1314 1852 e.
1340 1807 1492 1867 spatio
1522 1806 1644 1852 foret
1677 1822 1809 1867 opus.
1838 1807 1916 1852 Sic
1946 1823 1991 1862 1,
2022 1822 2113 1852 220
2144 1824 2152 1850 :

608 1933 726 1973 Nulla
748 1933 787 1973 vi
811 1932 911 1974 foret
930 1947 1022 1974 usus
1044 1932 1150 1973 enim
1153 1963 1419 1974 ........

435 2061 510 2106 sic
536 2077 722 2122 quoque
756 2062 923 2122 Virgil.
942 2097 953 2118 ,
976 2061 1085 2110 AEn.
1103 2097 1116 2118 ‚
1148 2078 1244 2107 vm
1265 2096 1278 2119 ,
1304 2068 1392 2117 441
1424 2079 1439 2105 :

612 2230 829 2239 .......
853 2201 974 2240 Nunc
995 2199 1144 2240 viribus
1166 2213 1269 2240 usus.

505 2316 565 2371 Ut
590 2329 754 2387 potius
789 2330 947 2373 multis
988 2326 1061 2392 (v.
1116 2328 1377 2392 197--199).
1425 2329 1546 2374 Hinc
1579 2330 1751 2376 rectius
1782 2331 1974 2391 colligas
2010 2332 2156 2375 multa

436 2418 533 2447 esse
575 2403 803 2463 principia
838 2405 1103 2450 communia
1135 2406 1293 2451 multis
1336 2407 1502 2464 rebus,
1542 2416 1594 2458 ut
1634 2407 1833 2452 vocibus
1867 2407 2042 2451 litteras
2063 2407 2152 2451 ‚vi-

439 2480 631 2537 demus,
665 2497 805 2541 quam
834 2482 1013 2541 aliquid
1038 2483 1138 2527 sine
1172 2492 1301 2527 certo
1334 2484 1544 2543 germine
1567 2484 1754 2533 oririet
1786 2483 1945 2543 augeri
1970 2499 2123 2543 posse.

503 2557 557 2601 Si
582 2573 674 2602 non
705 2559 923 2603 materies
950 2559 1061 2618 quia
1091 2557 1161 2620 (v.
1194 2565 1286 2614 204
1305 2595 1317 2617 ‚
1346 2559 1438 2605 205
1453 2559 1486 2623 ).
1527 2561 1626 2606 Nisi
1658 2560 1787 2620 quod
1824 2569 1946 2605 certa
1971 2560 2158 2621 princi-

434 2633 514 2692 pia
541 2634 682 2678 rebus
716 2635 1066 2694 quibuscunque
1093 2635 1410 2695 producendis
1442 2637 1671 2698 assignata
1695 2645 1826 2694 sunt,
1858 2653 1882 2682 e
1910 2639 2077 2698 quibus
2106 2637 2159 2682 fit

437 2711 669 2770 quidquid
694 2711 823 2756 nasci
851 2720 1019 2771 potest.

502 2789 729 2834 Manibus
753 2789 965 2834 meliores
980 2788 1175 2834 reddere
1175 2787 1331 2847 foetus
1358 2786 1429 2852 (v.
1450 2788 1585 2852 210).
1617 2809 1637 2831 «
1658 2790 1881 2835 Manibus
1906 2790 2068 2835 tertius
2094 2801 2160 2836 est

437 2879 590 2922 casus,
606 2881 745 2925 quem
767 2866 954 2923 dicunt,
980 2874 1026 2911 et
1058 2881 1215 2911 sensus
1244 2882 1255 2910 :
1288 2866 1389 2926 agri
1419 2866 1659 2923 manibus,
1687 2882 1787 2926 quae
1810 2867 1937 2927 ipsos
1954 2868 2158 2912 colendo

437 2942 654 2987 meliores
682 2943 911 3000 fecerunt,
934 2943 1031 3002 jam
1058 2931 1274 2988 meliores
1307 2942 1448 2988 etiam
1477 2943 1650 2988 fructus
1679 2943 1908 3002 reddunt,
1930 2960 2158 3003 compen-

438 3027 562 3075 sant,
600 3028 657 3063 ut,
691 3020 1002 3080 Havercampi
1039 3020 1234 3065 vocibus
1272 3028 1396 3077 utar,
1421 3035 1641 3066 manuum
1685 3020 1896 3065 laborem
1930 3020 2155 3066 fructibus

439 3095 694 3141 retributiS.
731 3117 750 3137 »
780 3098 989 3142 Fonmo.

511 3173 729 3218 Videlicet
758 3171 825 3235 (v.
861 3189 917 3219 21
932 3173 994 3238 1).
1014 3174 1243 3226 Videlicet
1266 3183 1312 3220 et
1338 3174 1482 3231 infra,
1500 3190 1545 3219 11
1561 3207 1573 3231 ,
1610 3173 2014 3234 468,‚.cognatum
2025 3174 2152 3218 scili-

438 3257 509 3290 cet
534 3263 638 3292 cum
654 3248 889 3296 infinitivo
907 3250 1135 3297 construit
1163 3251 1402 3297 Lucretius
1419 3287 1431 3311 ,
1448 3251 1580 3313 quasi
1594 3267 1692 3297 non
1721 3258 1957 3300 contracta
1979 3259 2160 3308 essent,
