2300 3926
212 239 264 290 (v.
286 239 395 291 ¹7⁰·)
629 236 710 280 DE
742 233 964 278 RERUM
998 231 1247 277 NATURA
1283 232 1394 275 LIB.
1432 232 1490 276 11.
1844 228 1902 282 45

211 343 481 416 Tempora
509 348 721 394 mutare
741 354 1038 401 annorum,
1066 333 1356 415 frugesque
1383 353 1580 390 creare.
1674 364 1679 368 »

215 439 332 495 Nec
359 439 472 515 jam
501 447 722 504 caetera,
756 431 1013 488 mortales
1045 453 1163 508 quae
1190 432 1379 488 suadet
1404 432 1582 502 adire,

216 540 447 613 Ipsaque
475 532 691 602 deducit
724 531 833 586 dux
864 531 990 587 vitae
1025 531 1113 587 dia
1140 529 1435 608 VoluptaS,

163 667 169 671 ·
218 637 297 690 Ut
321 653 405 688 res
434 652 532 708 per
557 630 787 688 Veneris
816 629 1105 686 blanditim
1131 630 1287 686 saecla
1317 641 1644 706 propagent,

220 735 306 790 Ne
326 750 496 808 genus
529 728 742 784 occidat
770 729 1098 800 humanum3
1130 749 1367 805 quorum
1398 728 1582 782 omnia
1609 745 1769 781 causa

220 828 577 886 Constituisse
602 828 731 884 deos
758 828 973 905 fingunt
996 850 1009 883 :
1036 828 1131 884 sed
1155 829 1212 883 in
1245 826 1483 883 omnibu'
1514 827 1675 883 rebus

220 930 555 1004 Magnopere
582 947 612 982 a
641 947 770 982 vera
800 927 937 1004 lapsi
963 928 1173 983 ratione
1196 925 1468 981 videntur.

220 1027 386 1099 Nam,
414 1027 661 1102 quamvis
689 1047 874 1082 rerum
902 1027 1150 1104 ignorem
1179 1024 1479 1102 primordia
1508 1044 1627 1100 quae
1655 1024 1788 1096 sint,

224 1126 343 1182 Hoc
372 1136 554 1181 tamen
581 1144 646 1181 ex
666 1125 796 1203 ipsis
824 1123 944 1182 coeli
968 1125 1271 1187 rationibus
1298 1126 1470 1181 ausim

227 1223 590 1298 Confirmare,
618 1223 850 1301 aliisque
884 1245 949 1281 ex
982 1225 1146 1282 rebus
1176 1223 1402 1280 reddere
1437 1221 1648 1294 multiS‚

226 1325 588 1400 Nequaquam
614 1324 771 1380 nobis
799 1324 1059 1380 divinitus
1090 1345 1204 1380 esse
1230 1336 1467 1380 creatam

226 1424 496 1481 Naturam
521 1421 742 1495 mundi,
771 1443 890 1500 quae
912 1435 1065 1479 tanta
1093 1435 1174 1478 est
1206 1423 1433 1500 praedita
1462 1422 1652 1499 culpa:

231 1521 372 1593 Quae
405 1521 504 1577 tibi
526 1523 821 1598 posteriuS,
851 1523 1106 1592 Memmi,
1129 1522 1388 1577 faciemus
1421 1533 1621 1597 aperta.

231 1622 396 1678 Nunc
427 1620 484 1675 id
514 1620 659 1696 quod
692 1633 940 1697 superest
965 1620 1032 1675 de
1060 1621 1298 1675 motibus
1323 1619 1691 1696 expediemus.

311 1719 476 1775 Nunc
508 1716 660 1775 locus
687 1729 793 1792 est,
823 1729 885 1774 ut
913 1720 1126 1795 opinor,
1151 1720 1208 1774 in
1237 1718 1322 1774 his
1348 1716 1487 1774 illud
1519 1739 1737 1795 quoque
1763 1720 1925 1774 rebus

235 1816 571 1874 Confirmare
597 1817 722 1892 tibi,
751 1815 960 1874 nullam
988 1838 1104 1874 rem
1131 1838 1287 1895 posse
1317 1837 1416 1874 sua
1439 1819 1501 1887 >vi

234 1917 571 1993 Corpoream
603 1937 819 1975 sursum
849 1917 1008 1988 ferri,
1036 1938 1358 1995 sursumque
1384 1938 1582 1974 meare.

235 2015 320 2073 Ne
343 2016 445 2071 tibi
467 2015 600 2072 dent
621 2017 682 2075 in
703 2037 768 2073 eo
790 2016 1138 2074 flammarum
1163 2038 1397 2095 corpora
1419 2017 1667 2074 fraudem
1688 2039 1700 2074 :

236 2116 433 2171 Sursus
463 2116 609 2172 enim
630 2136 822 2172 vorsus
852 2117 1173 2194 gignuntur,
1198 2128 1252 2172 et
1285 2117 1544 2194 augmina
1568 2127 1816 2184 sumunt,
1903 2122 1906 2123 ’

241 2216 313 2269 Et
338 2234 554 2269 sursum
578 2214 764 2270 nitidae
794 2215 977 2292 fruges
1005 2216 1336 2290 arbustaque
1365 2226 1649 2286 crescunt,

241 2313 508 2386 Pondera,
518 2315 853 2390 quantumin
863 2309 918 2370 se
927 2326 1200 2390 est‚quum
1210 2314 1461 2369 deorsum
1474 2326 1672 2370 cuncta
1687 2314 1947 2379 ferantur.

243 2412 385 2483 Nee,
412 2396 579 2488 quum
615 2411 904 2468 subsiliunt
934 2413 1084 2489 ignes
1115 2411 1184 2467 ad
1214 2425 1356 2468 tecta
1391 2412 1708 2486 domorum,

244 2513 316 2566 Et
347 2509 508 2566 celeri
540 2511 759 2567 flamma
789 2511 1081 2588 degustant
1109 2512 1259 2588 tigna
1289 2511 1601 2587 trabesque,

246 2611 450 2687 Sponte
478 2631 573 2666 sua
600 2610 777 2666 facere
809 2610 888 2681 id,
924 2611 1039 2666 sine
1065 2612 1119 2666 vi
1157 2611 1466 2687 subigente,
1501 2612 1810 2687 putandum
1842 2626 1952 2668 est:

249 2709 413 2781 Quod
436 2728 604 2788 genus
622 2753 637 2781 ,
667 2731 696 2765 e
724 2722 912 2766 nostro
941 2730 1110 2786 quum
1141 2710 1335 2766 missus
1365 2731 1594 2787 corpore
1622 2714 1840 2789 sanguis

252 2808 462 2864 Emicat
489 2808 762 2865 exsultans
788 2809 919 2880 alte,
949 2810 1264 2888 spargitque
1292 2829 1560 2865 cruorem.

254 2908 453 2964 Nonne
478 2908 629 2964 vides
652 2909 816 2965 etiam
850 2921 1054 2986 quanta
1082 2910 1137 2964 vi
1166 2911 1318 2987 tigna
1345 2908 1631 2984 trabesque

255 3005 715 3082 Respuavhumor
737 3008 919 3085 aquae?
936 3010 1080 3066 Nam
1099 3029 1263 3086 quam
1279 3006 1440 3085 magi'
1467 3009 1753 3064 mersimus
1791 3008 1960 3067 altum

256 3105 505 3175 Directa‚
538 3115 593 3160 et
622 3126 819 3184 magna
846 3109 900 3164 vi
932 3107 1094 3164 multi
1122 3109 1415 3186 pressimus
1479 3128 1644 3185 aegre,

258 3206 394 3260 Tam
419 3203 614 3281 cupide
643 3225 855 3262 sursum
878 3209 1112 3264 revomit
1136 3209 1329 3284 magiS‚
1360 3218 1521 3283 atque
1541 3209 1779 3264 'remittit
1801 3253 1815 3282 ,
