2358 3952
456 290 535 348 viij
747 288 1006 333 NOTITIA
1039 287 1419 332 LITTERARIA
1454 287 1864 345 LUCRETIANA.

457 402 515 432 ex
548 400 642 431 mss.
667 383 934 429 Lucretium
960 381 1323 429 emendatiorem
1357 382 1491 440 dare,
1524 382 1671 428 obelis
1695 381 1904 427 Pontani
1923 379 2160 446 (Ioviani)

457 462 738 521 Marulliqlce
758 457 776 523 (
788 455 1055 520 M‘chaelis)
1077 467 1248 503 temere
1271 457 1462 503 inducta
1484 458 1797 520 expungendo
1820 457 2060 516 adhibitis,
2075 458 2164 502 im-

456 537 617 597 primis
646 534 835 581 Marulli
857 534 1120 592 innumeras
1143 532 1443 591 mutationes,
1465 534 1711 579 maximam
1732 542 1911 594 partem
1936 534 2096 579 doctas
2120 542 2166 578 et

456 612 741 674 ingeniosas,
767 609 1009 671 saepissime
1023 624 1136 654 vero
1159 608 1297 654 etiam
1319 625 1679 669 supervacaneas
1703 619 1750 655 et
1771 610 1963 668 otiosas,
1979 609 2029 654 in
2051 625 2167 654 con-

457 697 637 733 textum
659 687 848 747 recepit.
869 707 888 727 »
915 689 1200 743 Fonmonn,
1223 685 1273 730 in
1304 685 1375 732 ed.
1400 686 1606 732 Lucretii
1634 702 1681 747 p.
1706 702 1854 732 nvn.
1883 687 2055 730 Aldina
2086 702 2166 730 se-

459 766 636 818 cunda,
660 762 742 809 151
754 762 779 807 5
795 798 807 821 ,
833 764 903 820 80,
921 761 981 807 ad
999 764 1025 807 J
1030 760 1242 807 untinam
1260 761 1512 821 descripta,
1536 778 1641 807 cum
1662 762 1948 822 paucissimis
1966 763 2169 806 Andteoe

459 841 685 900 Naugerc'i
716 838 1066 886 mutationibus.
1102 838 1321 883 Lambini
1342 836 1400 901 (c.
1432 838 1838 885 emendationibus
1871 847 1917 883 et
1950 839 2171 882 observa-

459 917 666 964 tionibus
688 919 729 961 T
727 917 886 961 umebi
906 925 952 961 et
976 918 1048 960 Io.
1074 913 1422 978 Aurati)‚Paris.
1447 925 1494 961 et
1516 915 1693 977 Lugd.,
1722 913 1867 972 1564,
1894 916 1971 972 4⁰3
1993 917 2145 959 Lutet.
2157 946 2172 970 ,

466 993 587 1051 1570
601 1029 614 1051 ,
644 995 697 1050 40
715 991 981 1055 (permultis
998 992 1112 1037 locis
1136 993 1194 1036 ab
1217 1001 1409 1037 auctore
1428 991 1687 1038 retractatis
1709 1000 1755 1037 et
1778 990 2053 1048 emendatis;
2078 990 2172 1035 ite-

457 1079 559 1116 rata
586 1069 882 1116 Francofurti
904 1069 1033 1128 apud
1046 1067 1310 1114 Wechelios
1323 1103 1336 1126 ,
1365 1066 1485 1114 1583
1500 1103 1513 1126 ,
1537 1065 1628 1131 8⁰).
1644 1067 1826 1123 Gifanii
1844 1068 2070 1126 Antvcrp.
2098 1081 2171 1125 ap.

459 1143 739 1202 Plautinum,
761 1142 898 1200 1566,
923 1145 994 1202 8⁰,
1008 1143 1098 1202 cuj.
1125 1143 1202 1188 ed.
1224 1143 1516 1204 optimapars
1543 1143 1835 1188 Collectanea
1857 1151 1985 1200 sunt,
2009 1143 2057 1186 in
2079 1142 2176 1201 qui-

461 1220 546 1264 bus
568 1219 799 1283 vocabula
819 1218 982 1277 prisca
1004 1234 1061 1262 ac
1087 1219 1314 1263 dictiones
1335 1220 1641 1280 elegantiores
1663 1219 1969 1277 explicantur,
2006 1233 2031 1262 e
2054 1218 2176 1262 Fru-

459 1294 588 1351 terii,
605 1294 744 1339 Corn.
769 1293 966 1350 Valerii,
993 1296 1044 1337 P.-
1062 1293 1236 1338 Nannii
1258 1293 1389 1339 alior.
1407 1293 1684 1337 adversariis
1705 1292 2027 1337 fraudulenter
2042 1309 2176 1338 com—

458 1369 615 1431 pilata.
648 1370 764 1416 Cum
788 1369 912 1413 notis
931 1368 1171 1428 perpetuis
1196 1369 1468 1428 Tanaquilli
1485 1369 1644 1421 Fabri,
1671 1368 1910 1425 Salmurii,
1941 1369 2060 1413 1662
2075 1403 2088 1426 ,
2108 1370 2176 1422 40.

461 1447 615 1490 Faber
625 1446 796 1490 multos
818 1444 1027 1490 Lucretii
1054 1446 1184 1489 locos
1206 1443 1572 1506 ingeniosissime
1598 1444 1874 1489 emendavit.
1893 1445 2008 1488 Cum
2032 1444 2179 1487 inter-

460 1522 724 1582 pretatione
748 1518 1064 1584 (paraphrasi)
1082 1530 1128 1565 et
1149 1521 1274 1565 notis
1295 1521 1485 1566 Thomoe
1511 1521 1694 1566 Creeclz.
1704 1554 1720 1575 ‚
1735 1520 1926 1578 Oxonii,
1956 1519 2093 1581 1695,
2108 1521 2177 1565 80.

464 1600 775 1658 Havercampi
784 1600 836 1643 L.
861 1600 929 1655 B.,
947 1596 1085 1654 1725,
1115 1612 1141 1641 2
1158 1598 1253 1642 vol.
1281 1599 1349 1651 4⁰.
1364 1598 1528 1651 Alteri,
1549 1597 1756 1641 Vindob.
1769 1631 1783 1654 ,
1801 1598 1941 1656 1787,
1955 1598 2025 1642 8⁰.
2057 1599 2129 1645 W
2123 1614 2180 1641 a—

463 1675 648 1733 kefieldi
657 1672 897 1738 (exhibens
908 1674 1030 1719 inter
1045 1674 1132 1718 alia
1147 1674 1349 1736 integras
1360 1673 1493 1719 Rich.
1508 1673 1703 1719 Bentleii
1721 1673 2062 1732 annotationes,
2072 1674 2181 1718 illu-

463 1752 708 1796 strationes
733 1761 777 1796 et
798 1748 1125 1814 conjecturas),
1142 1750 1295 1795 Lond.
1311 1786 1324 1809 ,
1348 1751 1494 1810 1796,
1521 1766 1617 1810 sq.,
1647 1751 1674 1795 3
1699 1751 1819 1809 vol.,
1846 1752 1926 1808 4⁰3
1945 1752 2180 1811 Glasguae,

469 1828 613 1885 1813,
630 1835 656 1882 4
678 1829 772 1873 vol.
799 1828 870 1873 80.
884 1827 1205 1882 Eischtaedtii,
1217 1829 1312 1872 vol.
1330 1843 1370 1884 1,
1392 1827 1535 1887 Lips.,
1564 1826 1682 1872 1801
1696 1861 1709 1883 ,
1727 1827 1799 1885 80,
1816 1826 2024 1872 continet
2048 1843 2180 1871 com-

462 1904 796 1950 mentationem
831 1904 890 1949 de
912 1904 1118 1949 Lucretii
1137 1904 1234 1948 vita
1262 1912 1309 1949 et
1343 1904 1571 1961 carmine,
1605 1903 1804 1948 oration.
1827 1913 1978 1963 poetae
2014 1902 2183 1964 insigni

465 1996 576 2025 cura
600 1989 644 2025 et
685 1980 884 2043 eleganti
907 1980 1065 2026 studio
1097 1979 1421 2025 concinnatam
1453 1988 1500 2024 et
1527 1979 1731 2024 indicem
1759 1981 2013 2025 verborum
2043 1981 2182 2024 locu-

463 2056 781 2115 pletissimum.
815 2058 1077 2117 Forbigeri,
1110 2056 1237 2116 Lips.
1256 2056 1385 2116 apud
1407 2057 1709 2101 Teubnerum
1726 2091 1739 2113 ,
1774 2057 1895 2102 1828
1910 2091 1922 2113 ,
1942 2056 2011 2101 8⁰.
2043 2057 2183 2101 Non-

463 2133 593 2177 nulla
605 2133 809 2177 Lucretii
834 2136 1166 2192 excerpserunt
1186 2134 1258 2177 Jo.
1281 2133 1417 2192 Casp.
1444 2134 1640 2178 Orellius
1662 2132 1713 2176 in
1734 2132 1919 2193 Eclogis
1938 2141 2186 2191 poetarum

465 2208 745 2265 latinorum,
767 2208 950 2265 Turici,
982 2209 1129 2266 1822,
1152 2209 1224 2266 80,
1248 2224 1296 2268 p.
1327 2225 1346 2252 1
1375 2225 1476 2269 sqq.
1491 2243 1505 2266 ,
1528 2217 1576 2254 et
1600 2209 1771 2254 Jacobs
1793 2209 2080 2253 Blumenlese
2104 2208 2188 2252 der

465 2300 589 2329 raem.
614 2285 807 2329 Dichter
827 2294 947 2344 part.
976 2301 1041 2342 11,
1063 2302 1110 2346 p.
1139 2286 1227 2331 281
1256 2285 1388 2345 sqq*.
1666 2278 1670 2282 ⁴
2176 2286 2177 2291 ’

533 2363 662 2406 Inter
685 2362 870 2423 gallicas
891 2361 1099 2406 Lucretii
1123 2360 1547 2419 interpretationes>
1566 2360 1674 2406 satis
1698 2360 1786 2405 erit
1801 2370 2047 2420 sequentes
2060 2361 2188 2406 indi-

470 2452 615 2494 casse,
635 2453 836 2497 quarum
858 2437 1024 2482 ultima
1048 2446 1223 2481 ceteras
1245 2435 1472 2497 elegantia
1491 2444 1538 2480 et
1562 2436 1802 2497 diligentia
1812 2438 1951 2498 longe
1973 2445 2187 2497 praestat:

536 2516 629 2558 Les
650 2515 729 2558 siz·
753 2514 883 2558 liores
915 2514 974 2559 de
999 2516 1048 2558 la
1070 2514 1248 2558 Nature
1269 2514 1351 2557 des
1379 2512 1575 2567 Choses,
1600 2513 1720 2557 trad.
1748 2529 1837 2574 par
1858 2514 1982 2559 Mch.
2009 2514 2068 2558 de
2090 2516 2190 2558 Ma-

469 2592 623 2635 rolles.
657 2591 811 2648 Paris,
842 2590 979 2652 1659.

537 2668 788 2725 Lucnilcn,
828 2667 948 2712 trad.
987 2682 1158 2724 nouv.,
1187 2682 1298 2714 avec
1335 2667 1417 2712 des
1460 2675 1595 2722 notes
1626 2682 1714 2727 par
1745 2669 1999 2728 Lagrange.
2035 2665 2191 2723 Paris,

478 2742 770 2803 1768-1794.

538 2821 792 2878 annizcn,
823 2821 884 2865 de
912 2823 961 2864 la
992 2821 1172 2885 Nature
1201 2822 1283 2865 des
1327 2820 1524 2874 Choses;
1560 2823 1728 2879 poe'me
1765 2819 1943 2865 traduit
1967 2834 2025 2863 eu
2053 2833 2192 2877 prose

474 2909 560 2954 par
581 2896 648 2940 M.
673 2894 731 2941 de
750 2897 1059 2959 Pongerville.
1081 2897 1232 2955 Paris,
1259 2898 1307 2942 C.
1333 2900 1386 2943 L.
1415 2898 1466 2942 F.
1490 2897 1819 2954 Panckoucke,
1856 2895 2152 2957 1829-1832.

537 3062 555 3080 '¹
578 3066 626 3106 G.
645 3068 690 3105 E.
710 3069 866 3107 thsn
879 3097 889 3116 ,
918 3069 1071 3123 Corpus
1089 3075 1300 3124 poetarum
1319 3065 1556 3116 latinorum,
1584 3081 1623 3121 p.
1655 3082 1670 3105 1
1685 3081 1700 3105 1
1714 3081 1729 3105 1
1758 3080 1816 3119 sq.
