2300 3926
3 941 6 953 -v
0 884 8 928 ην,

247 286 300 336 (v.
322 286 405 337 ⁵1.)
660 284 741 328 DE
772 281 995 326 RERUM
1027 281 1277 326 NATURA
1310 283 1420 327 LIB.
1459 284 1535 327 IV.

320 386 385 443 Id
418 385 542 442 licet
571 386 698 440 hinc
724 383 968 460 quamvis
999 383 1181 438 hebeti
1214 404 1537 461 cognoscere
1564 383 1725 440 corde
1753 404 1767 439 ε

241 486 547 561 Principio,
571 483 826 559 quoniam
855 482 1081 537 mittunt
1109 483 1166 537 in
1193 483 1354 539 rebus
1379 484 1580 560 apertis

193 631 198 635 .
243 587 487 661 Corpora
502 602 586 638 res
611 579 815 650 multae3
841 581 1043 656 partim
1077 580 1276 637 diffusa
1300 581 1479 638 solute
1495 624 1511 653 ,

238 683 460 738 Robora
490 700 588 737 ceu
616 678 827 735 fumum
858 680 1112 751 mittunt,
1147 682 1407 757 ignesque
1438 699 1723 756 vaporem3

239 784 314 836 Et
338 781 534 856 partim
558 789 808 834 contexta
831 778 1002 855 magis
1026 755 1437 854 condensaque,
1462 790 1525 833 ut
1551 777 1682 832 olim

238 880 422 951 Quum
453 889 659 934 veteres
689 889 904 954 ponunt
925 879 1136 933 tunicas
1167 889 1349 945 aestate
1377 875 1601 946 cicadae,

234 981 303 1033 Et
324 976 479 1032 vituli
507 997 678 1052 quum
705 976 1048 1032 membranas
1083 975 1149 1031 de
1179 995 1410 1051 corpore
1441 993 1654 1030 summo
1732 1016 1739 1024 .

231 1078 518 1133 Nascentes
549 1076 811 1148 mittunt,
839 1088 895 1131 et
922 1077 1050 1132 item
1076 1095 1250 1153 quum
1279 1066 1488 1130 lubrica
1521 1094 1738 1152 serpens

227 1177 392 1231 Exuit
421 1177 478 1230 in
502 1177 669 1252 spinis
691 1186 930 1247 vestem3
958 1196 1087 1231 nam
1116 1195 1254 1251 saepe
1287 1173 1533 1229 videmus

228 1272 454 1329 Illorum
489 1273 674 1351 spoliis
706 1295 897 1351 vepres
920 1273 1274 1330 volitantibus
1303 1285 1505 1328 auctas.

229 1375 356 1427 Haec
384 1374 641 1448 quoniam
675 1373 838 1444 fiunt,
866 1374 1042 1429 tenuis
1067 1392 1285 1448 quoque
1307 1371 1472 1442 debet.
1486 1372 1668 1448 imago

226 1471 311 1527 Ab
335 1473 496 1528 rebus
522 1473 692 1543 mitti,
722 1493 935 1528 summo
960 1471 1027 1527 de
1055 1491 1285 1547 corpore
1313 1492 1498 1527 earum
1527 1491 1540 1524 ε

227 1571 397 1642 Nam,
426 1592 523 1626 cur
554 1571 647 1626 illa
678 1571 876 1627 cadant
907 1573 1102 1648 magiS,
1133 1571 1200 1625 ab
1230 1571 1500 1645 rebusque
1527 1567 1809 1636 recedant,

226 1670 407 1741 Quam
436 1691 555 1746 quae
581 1672 764 1726 tenuia
791 1683 943 1740 sunt,
972 1669 1216 1724 hiscendi
1247 1680 1329 1724 est
1356 1667 1507 1723 nulla
1535 1654 1796 1743 potesta53

220 1770 719 1844 Praesertim'quum
752 1771 861 1824 sint
885 1770 940 1823 in
975 1769 1198 1824 summis
1227 1788 1458 1844 corpora
1485 1767 1648 1822 rebus

220 1866 400 1923 Multa
425 1869 633 1923 minuta
653 1910 668 1939 ,
694 1868 801 1944 jaci
831 1889 950 1944 quae
979 1869 1189 1944 possint
1223 1866 1414 1922 ordine
1444 1865 1633 1937 eodem

223 1967 350 2038 Quo
379 1965 609 2039 fuerint,
638 1979 871 2022 veterem
901 1979 955 2022 et
987 1966 1175 2029 formae
1205 1986 1420 2022 servare
1451 1964 1683 2042 figuram
1702 2006 1716 2034 ,

218 2069 287 2122 Et
305 2065 477 2124 multo
503 2067 692 2140 citius,
727 2079 934 2143 quanto
963 2068 1143 2122 minus
1171 2064 1498 2142 endopediriv

220 2168 395 2222 Parva
421 2178 660 2241 queunt,
695 2178 748 2222 et
777 2178 906 2221 sunt
935 2167 993 2220 in
1022 2166 1200 2242 prima
1229 2164 1411 2219 fronte
1442 2163 1640 2218 locata.

296 2266 439 2320 Nam
468 2277 613 2321 certe
637 2265 744 2341 jaci
773 2276 937 2339 atque
966 2283 1241 2340 emergere
1269 2261 1441 2317 multa
1474 2261 1750 2331 videmuS,

218 2366 345 2421 Non
372 2363 548 2420 solum
575 2385 638 2420 ex
671 2362 782 2420 alto
815 2353 1167 2440 penitusque,
1198 2373 1258 2416 ut
1286 2361 1519 2428 diximus
1553 2371 1682 2414 ante
1700 2402 1713 2427 ,

217 2465 423 2520 Verum
447 2464 514 2521 de
543 2451 767 2520 summis
794 2465 974 2540 ipsum
999 2481 1216 2538 quoque
1251 2480 1391 2536 saepe
1422 2458 1658 2515 colorem
1672 2480 1693 2529 ;v

217 2565 289 2618 Et
316 2562 477 2641 volgo
500 2564 706 2621 faciunt
736 2561 793 2619 id
815 2560 965 2618 lutea
993 2579 1254 2636 russaque
1287 2557 1405 2614 vela

219 2664 290 2717 Et
322 2662 599 2741 ferrugina
616 2706 631 2735 ,
656 2683 836 2739 quum
862 2662 1071 2739 magnis
1100 2661 1312 2715 intenta
1338 2659 1563 2713 theatris

219 2762 322 2815 Per
339 2760 507 2818 malos
533 2761 781 2840 volgata,
814 2761 1102 2837 trabesque
1133 2759 1419 2814 trementia
1449 2755 1649 2811 flutant
1679 2776 1690 2810 z

219 2860 468 2935 Namque
495 2861 570 2918 ibi
596 2882 908 2918 consessum
938 2864 1124 2916 caveai
1158 2858 1363 2927 subter,
1396 2867 1450 2910 et
1480 2875 1697 2909 omnem

223 2960 415 3014 Scenai
448 2961 707 3035 speciem,
736 2973 988 3038 patrum,
1023 2970 1367 3032 matrumque
1388 2998 1403 3024 ,
1436 2957 1815 3030 Deorumque,

220 3057 508 3129 Inficiunt,
532 3071 840 3136 coguntque
866 3082 965 3116 suo
998 3060 1212 3128 fluitare
1234 3055 1443 3126 colore3

222 3159 291 3212 Et
322 3168 528 3232 quanto
553 3158 756 3213 circum
782 3179 938 3236 mage
970 3170 1099 3215 sunt
1127 3155 1333 3213 inclusa
1368 3155 1561 3210 theatri

220 3255 449 3326 Moenia,
484 3267 592 3311 tam
621 3257 790 3333 magis
819 3257 931 3314 haec
960 3259 1106 3314 intus
1132 3255 1348 3334 perfusa
1377 3253 1559 3331 lepore

1845 297 1935 343 119
