2320 3866
415 322 506 371 214
978 314 1030 358 T.
1066 313 1357 358 LUCRETn
1393 313 1536 357 CARI
1927 313 1978 362 (v.
2002 327 2015 350 ι
2032 313 2108 365 13.)

412 423 522 474 Aut
549 416 642 471 ubi
677 433 990 490 suspensam
1022 426 1225 470 vestem
1258 415 1541 470 chartasve
1568 412 1809 469 volantes

411 514 742 572 Verberibus
769 514 916 568 venti
945 524 1161 575 versant
1186 511 1558 590 planguntque
1587 534 1684 590 per
1710 533 1883 568 auraS.

411 614 498 669 Fit
521 633 737 689 quoque
764 612 907 667 enim
928 611 1232 685 interdum,
1253 624 1317 668 ut
1333 632 1444 667 non
1465 624 1577 667 tam
1597 632 1920 668 concurrere
1941 611 2112 667 nubes

408 712 702 768 Frontibus
728 710 966 767 adversis
998 711 1232 788 possint,
1263 732 1427 788 quam
1459 710 1525 766 de
1561 710 1728 766 latere
1761 711 1838 766 ire

408 812 643 867 Diverso
676 822 830 866 motu
864 809 1114 866 radentes
1147 808 1378 887 corpori'
1413 821 1676 881 tractum3

409 909 609 965 Aridus
640 909 785 965 unde
814 930 973 965 aures
1008 921 1180 986 terget
1211 930 1376 965 sonus
1408 908 1526 980 ille,
1558 908 1759 985 diuque

408 1008 666 1078 Ducitur,
703 1008 891 1063 exierit
925 1008 1096 1063 donec
1127 1008 1442 1083 regionibus
1474 1008 1654 1063 arctis.

489 1108 607 1160 Hoc
640 1105 800 1160 etiam
829 1115 991 1181 pacto
1021 1106 1230 1160 tonitru
1262 1125 1522 1160 concussa
1551 1104 1809 1160 videntur

409 1204 613 1260 Omnia
643 1223 782 1279 saepe
817 1204 969 1280 gravi
998 1215 1263 1275 tremere,
1298 1214 1351 1258 et
1381 1201 1586 1258 divolsa
1620 1215 1846 1278 repente

408 1303 650 1360 Maxima
676 1300 979 1362 dissiluisse
1008 1302 1221 1378 capacis
1253 1302 1452 1356 moenia
1476 1300 1701 1370 mundi,

399 1404 595 1475 Quum
628 1402 808 1457 subito
841 1399 1006 1457 validi
1039 1402 1190 1457 venti
1220 1399 1465 1457 conlecta
1499 1398 1735 1477 procella

406 1501 663 1559 Nubibus
696 1501 915 1556 intorsit
948 1521 1091 1571 sese,
1126 1496 1488 1576 conclusaque
1522 1499 1723 1562 ibidem

406 1600 653 1666 Turbine
681 1599 921 1656 versanti
953 1600 1127 1676 magis
1154 1620 1218 1655 ac
1245 1600 1416 1676 magis
1448 1599 1691 1675 undique
1718 1598 1918 1653 nubem

408 1701 601 1777 Cogit,
635 1699 716 1755 uti
748 1699 844 1755 fiat
872 1699 1043 1776 spisso
1073 1719 1205 1754 cava
1238 1719 1468 1776 corpore
1502 1699 1725 1754 circum.

407 1801 539 1854 Post
570 1798 663 1854 ubi
692 1798 987 1854 commovit
1013 1796 1096 1853 vis
1123 1800 1238 1875 ejus
1267 1811 1321 1854 et
1351 1799 1586 1875 impetus
1616 1818 1757 1869 acer,

406 1899 547 1954 Tum
579 1896 982 1974 perterricrepo
1016 1898 1200 1953 sonitu
1230 1896 1324 1953 dat
1354 1898 1519 1952 missa
1551 1896 1853 1973 fragorem3

407 1997 523 2053 Nec
554 1996 782 2068 mirum,
817 2015 990 2073 quum
1023 1995 1186 2073 plena
1219 1996 1413 2052 animae
1444 1994 1683 2051 vesicula
1716 2015 1884 2072 parva

407 2096 562 2171 Saepe
595 2096 671 2152 ita
702 2094 796 2150 dat
824 2097 1031 2171 pariter
1063 2096 1303 2151 sonitum
1334 2094 1569 2171 displosa
1600 2107 1840 2171 repente.

486 2197 585 2250 Est
616 2194 777 2249 etiam
807 2194 974 2265 ratio,
1002 2215 1172 2270 quum
1202 2194 1353 2250 venti
1384 2192 1574 2250 nubila
1604 2192 1863 2270 perflant,

408 2296 524 2350 Cur
549 2294 761 2349 sonitus
792 2292 1027 2365 faciant3
1058 2294 1259 2350 etenim
1284 2314 1501 2350 ramosa
1528 2292 1773 2349 videmus

410 2390 617 2448 Nubila
649 2412 789 2467 saepe
820 2391 995 2447 modis
1022 2392 1207 2448 multis
1235 2405 1399 2469 atque
1427 2413 1619 2469 aspera
1651 2392 1817 2461 ferri3

407 2489 621 2545 Scilicet
654 2502 716 2546 ut
749 2491 996 2546 crebram
1030 2490 1220 2546 silvam
1253 2512 1425 2567 quum
1456 2492 1678 2548 flamina
1710 2494 1874 2548 Cauri

407 2588 669 2661 Perflant,
701 2589 836 2645 dant
866 2590 1104 2645 sonitum
1133 2589 1384 2662 frondeS‚
1411 2593 1658 2668 ramique
1688 2590 1975 2667 fingor-em.

406 2689 493 2745 Fit
526 2709 748 2765 quoque
767 2732 782 2763 ‚
813 2701 877 2745 ut
905 2689 1177 2745 interdum
1210 2689 1372 2745 validi
1405 2691 1484 2745 vis
1513 2691 1677 2746 incita
1709 2690 1854 2744 venti

405 2788 721 2845 Perscindat
747 2789 949 2844 nubem
980 2788 1320 2865 perfringens
1350 2789 1552 2865 impete
1579 2801 1757 2857 rect03

404 2889 550 2945 Nam
578 2887 713 2964 quid
745 2890 916 2964 possit
946 2889 1021 2944 ibi
1048 2887 1208 2944 ssatus
1237 2888 1519 2944 manifesta
1552 2887 1711 2943 docet
1744 2908 1861 2959 res3

404 2986 530 3058 Hic,
562 2987 657 3041 ubi
687 2986 864 3043 lenior
898 3000 1006 3060 est,
1042 2988 1096 3043 in
1126 2999 1271 3044 terra
1299 3009 1468 3064 quum
1499 3000 1680 3043 tamen
1711 2986 1820 3043 alta

404 3084 642 3141 Arbusta
670 3085 924 3142 evolvens
957 3086 1230 3145 radicibus
1266 3087 1449 3142 haurit
1483 3087 1551 3142 ab
1582 3087 1721 3142 imis,

485 3185 624 3239 Sunt
657 3186 821 3241 etiam
849 3185 1049 3242 fluctus
1080 3207 1179 3264 per
1209 3185 1423 3258 nubila,
1454 3186 1547 3262 qui
1577 3186 1730 3263 quasi
1763 3205 2010 3241 murmur

407 3283 558 3338 Dant
585 3285 933 3364 infringendo
965 3288 1236 3364 graviter3
1267 3286 1416 3363 quod
1445 3289 1571 3343 item
1608 3287 1668 3343 fit
1697 3289 1752 3342 in
1786 3283 1907 3341 altis
