2320 3866
361 250 450 296 328
964 243 1232 289 ADNoTA
1223 210 1445 287 mones
1491 275 1493 278 r

359 360 461 406 quae
481 358 619 389 naves
653 339 900 386 advehunt.
926 338 1142 383 Ceterum
1161 353 1299 382 naves
1322 337 1442 396 ipsas
1462 332 1638 420 Ennius
1658 331 1796 377 haud
1816 331 1954 377 semel
1974 348 2054 377 ve-

359 423 516 466 livolas
542 427 587 465 et
604 417 899 464 velivolantes
921 413 1220 472 nuncupavit.

429 497 566 542 Prius
592 492 652 556 (v.
684 489 839 555 1445).
853 493 890 536 Ι.
913 506 951 535 e.
976 490 1248 550 priusquam
1272 490 1496 533 elementa
1517 483 1715 550 (litterae)
1728 492 1834 530 sunt
1852 484 2053 530 inventa.

982 657 1049 700 IN
1085 647 1325 700 LIBRUM
1360 645 1441 698 VI.

430 805 487 869 (v.
519 802 579 868 1.)
594 823 613 845 «
626 801 767 849 Primi
780 795 1115 864 (Athenienses)
1127 794 1339 854 lanificii,
1352 804 1397 841 et
1409 795 1524 852 olei,
1537 803 1583 840 et
1593 794 1690 839 vini
1699 810 1832 840 usum
1844 793 2059 839 docuere.

362 886 509 931 Arare
532 880 724 942 quoque
748 887 793 922 et
814 891 964 922 serere
992 875 1246 929 frumenta,
1271 872 1484 934 glandem
1514 871 1804 916 vescentibus
1832 877 2063 915 monstra-

363 967 492 1004 runt.
518 978 537 998 »
555 959 767 1010 Jusrm.‚
795 969 860 1008 11,
885 952 929 996 6.
955 951 1024 995 Cf.
1050 949 1186 994 etiam
1207 950 1421 1004 AEman„
1450 948 1500 994 V.
1524 946 1605 1003 H..
1629 962 1718 1005 111,
1754 946 1828 991 38.

435 1035 587 1078 Vitam
609 1030 854 1074 consistere
876 1024 937 1088 (v.
968 1024 1058 1086 ιο).
1080 1026 1116 1068 1.
1136 1040 1173 1068 e.
1200 1023 1505 1078 constituere,
1528 1021 1744 1066 stabilire.
1804 1026 1806 1030 '

429 1107 583 1154 v.15
611 1102 863 1149 Lambinus
896 1099 1061 1144 audaci
1093 1097 1347 1142 admodum
1375 1096 1580 1143 facinore
1611 1097 1874 1168 composuit
1908 1112 1966 1142 ex
1996 1095 2068 1140 his

367 1184 582 1239 duobus,
607 1179 690 1241 qui
712 1178 761 1223 in
785 1175 1000 1221 omnibus
1018 1176 1239 1236 leguntur
1259 1172 1424 1217 libris:

544 1307 678 1357 Atque
701 1300 822 1342 animi
844 1297 1005 1353 ingratis
1027 1297 1145 1338 vitam
1167 1309 1308 1337 vexare
1329 1295 1512 1350 querelis,

545 1376 729 1421 Causam,
761 1383 847 1424 quae
868 1367 1016 1410 infestis
1037 1367 1139 1421 cogit
1155 1366 1287 1408 saevire
1302 1365 1485 1420 querelis.

434 1492 497 1558 (v.
528 1489 619 1555 16.)
644 1512 663 1532 «
688 1490 736 1533 V
729 1489 855 1545 as‚i.
880 1503 918 1533 e.
943 1487 1096 1547 ipsum
1117 1486 1366 1532 hominem.
1390 1486 1449 1531 Et
1468 1485 1577 1531 Pius
1598 1492 1724 1530 recte
1744 1485 1948 1543 monuit,
1967 1500 2079 1531 con-

373 1571 517 1617 simile
540 1584 636 1614 esse
658 1566 775 1612 illud
796 1564 1104 1610 Horatianum
1119 1597 1132 1620 ,
1148 1563 1298 1624 Epist.
1332 1579 1372 1620 1,
1396 1577 1447 1619 2,
1473 1563 1533 1616 54
1546 1561 1705 1619 ,hinc‚
1729 1570 1782 1607 ut
1803 1562 1990 1622 opinor,
2003 1563 2081 1608 de-

373 1647 623 1692 rivatumm
653 1644 853 1688 Wmuzr.
1896 1680 1899 1683 ³

439 1720 647 1764 Finem...
671 1717 939 1777 cuppedinis
964 1713 1030 1779 (v.
1055 1712 1150 1777 24).
1175 1714 1404 1774 Epicurus
1427 1715 1550 1760 enim
1582 1715 1860 1776 cupiditates
1879 1715 2084 1761 necessi-

376 1802 470 1841 tate
492 1804 537 1841 et
557 1803 723 1839 natura
744 1792 1038 1838 terminabat.

441 1874 638 1917 Naturae
660 1871 715 1916 vi
733 1866 795 1932 (v.
822 1866 917 1931 29).
939 1868 1014 1914 Sic
1036 1869 1180 1929 vulgo
1201 1867 1355 1913 editur
1377 1884 1402 1914 e
1423 1868 1647 1914 Lambini
1659 1868 1953 1928 conjectura;
1975 1869 2085 1915 Wa-

374 1949 466 1994 kef.
490 1956 645 1993 autem
665 1954 791 1991 recte
813 1961 838 1990 e
859 1944 1071 2005 plurimis
1102 1944 1234 1989 libris
1252 1945 1454 1990 restituit
1473 1946 1682 1991 naturali
1706 1979 1719 2003 ‚
1742 1961 2020 2006 sensumque
2040 1953 2087 1989 et

379 2023 591 2069 ordinem
611 2021 864 2066 verborum
887 2020 950 2064 sic
974 2020 1168 2079 exponit
1188 2020 1428 2082 Forbiger.
1453 2037 1465 2065 z
1490 2041 1509 2062 α
1525 2021 1753 2081 Epicurus
1772 2021 1957 2079 docuit,
1985 2037 2087 2081 quae

378 2114 464 2159 per
492 2097 760 2142 universum
792 2093 992 2140 fluerent
1021 2103 1068 2139 et
1095 2095 1225 2139 vario
1248 2097 1392 2140 modo
1421 2098 1655 2154 volarent,
1678 2097 1772 2143 sive
1806 2113 1914 2143 casu
1944 2105 2086 2142 natu-

379 2174 486 2231 rali,
510 2189 592 2219 seu
612 2172 661 2216 vi
680 2171 883 2232 quadam
899 2171 1099 2220 naturali
1121 2180 1272 2228 mota3
1295 2172 1427 2232 quod
1447 2173 1666 2218 nimirum
1678 2175 1856 2219 Natura
1876 2174 1972 2219 haec
1994 2189 2092 2219 om·-

381 2250 458 2295 nia
480 2250 543 2295 sic
565 2247 858 2309 paraverit.»

459 2326 633 2385 Quibus
649 2340 675 2369 e
686 2326 833 2384 portis
847 2322 909 2387 (v.
935 2325 961 2370 3
974 2321 1031 2386 1).
1049 2344 1067 2364 «
1081 2326 1360 2384 Metaphora
1380 2342 1405 2371 e
1424 2342 1476 2371 re
1487 2326 1694 2392 militari,
1709 2342 1733 2371 e
1744 2327 1895 2386 portis
1905 2325 2092 2371 urbium

383 2404 459 2448 vel
472 2409 730 2446 castrorum
752 2415 777 2444 e
796 2400 967 2459 quibus
990 2399 1043 2444 fit
1067 2402 1252 2460 eruptio
1274 2402 1325 2446 in
1348 2403 1544 2448 hostem.
1560 2424 1579 2444 »
1601 2406 1802 2449 Panisos.

450 2480 509 2523 V.
537 2477 694 2531 34-40
714 2475 811 2533 jam
833 2475 1084 2519 adfuerunt
1105 2493 1172 2532 11,
1199 2476 1378 2536 54-60,
1405 2488 1451 2524 et
1475 2496 1560 2537 111,
1585 2479 1758 2540 87-93.

455 2556 514 2599 V.
541 2559 599 2610 47
627 2559 672 2596 et
698 2552 756 2605 48
778 2551 1031 2596 Lambinus
1053 2552 1237 2610 spurios
1260 2555 1450 2599 censuit.
1474 2556 1717 2618 Forbiger.
1740 2557 1858 2600 hanc
1881 2570 1938 2600 ex
1960 2555 2095 2600 codi-

389 2646 496 2677 cum
518 2627 723 2690 vestigiis
746 2626 900 2672 effecit
922 2627 1170 2673 lectionem
1193 2645 1206 2672 z

565 2745 773 2785 Vectorem
797 2741 1007 2783 exhortam
1023 2742 1244 2796 plaudendo
1259 2774 1270 2794 ,
1293 2751 1338 2785 ut
1356 2744 1473 2785 obvia
1493 2759 1608 2786 cursu

570 2811 668 2865 Quae
686 2810 832 2851 fuerint
843 2841 855 2860 ‚
879 2811 956 2852 sint
975 2812 1127 2865 placato
1145 2825 1334 2854 convorsa
1353 2812 1497 2855 favore.

397 2935 551 2990 Quam
573 2946 715 2987 vero,
740 2939 793 2974 ut
826 2931 925 2991 ipse
959 2931 1167 2991 scripsit,
1198 2939 1377 2976 tantum
1405 2932 1534 2976 abest
1573 2941 1626 2976 ut
1648 2948 1803 2977 veram
1820 2933 2016 2990 habeat,
2047 2941 2101 2977 ut

394 3006 596 3052 astericis
619 3006 787 3051 additis
809 3010 1034 3051 summam
1055 3007 1213 3066 potius
1243 3007 1582 3052 dubitationem
1612 3006 1897 3054 indicaverit.
1921 3009 2101 3053 Deinde

396 3083 526 3128 addit
559 3099 741 3128 sensum
761 3083 890 3128 haud
912 3083 1055 3129 dubie
1078 3100 1174 3129 esse
1199 3100 1209 3128 :
1233 3086 1428 3145 Pergam
1451 3084 1508 3129 de
1532 3101 1692 3129 rerum
1714 3086 1890 3130 Natura
1913 3100 2101 3141 canere,

398 3157 509 3218 quia
520 3160 669 3204 'semel
689 3159 869 3218 incepi,
883 3167 928 3204 et
939 3173 1012 3205 res
1030 3160 1190 3205 favore
1207 3161 1436 3204 lectorum
1456 3159 1576 3205 bene
1594 3160 1820 3220 processit
1827 3179 1840 3220 3
1856 3160 2103 3221 metapho-

398 3247 497 3278 ram
515 3249 630 3280 vero
655 3233 843 3280 ductam
863 3235 1012 3281 videri
1030 3252 1057 3281 a
1080 3252 1218 3282 cursu
1240 3235 1444 3297 equestri
1465 3235 1515 3280 in
1538 3235 1843 3283 Circensibus.
