2300 3926
7 3706 13 3712 ·
3 3565 18 3625 -v

202 328 386 376 (mmo.)
609 327 689 370 DE
725 323 944 383 RERUM
978 321 1227 366 NATURA
1263 323 1374 366 LIB.
1413 323 1490 366 IV.
1814 323 1895 366 131

200 432 307 486 Vix
336 431 535 486 absunt
559 428 716 483 nobis
742 427 935 481 missus
960 425 1043 480 bis
1071 423 1217 480 mille
1247 426 1478 502 sagittae,

203 531 311 586 Vix
343 531 505 585 etiam
532 546 720 583 cursus
745 525 1074 600 quingentos
1099 545 1235 601 saepe
1259 526 1464 593 veruti3

156 660 161 665 ·
199 631 349 684 Inter
371 647 462 683 eos
479 625 754 699 solemque
773 624 958 699 jacent
985 624 1242 680 immania
1267 624 1423 701 ponti

199 729 468 803 AEquora,
498 725 770 781 substrata
799 723 1031 779 aetheriis
1063 723 1374 801 ingentibus
1402 723 1538 792 oris3

197 826 590 902 Interjectaque
621 834 748 878 sunt
772 835 1045 878 terrarum
1074 822 1241 878 millia
1273 819 1477 891 multa,

198 924 336 995 Quae
364 923 524 979 variae
545 923 779 978 retinent
812 933 999 998 gentes
1028 934 1082 976 et
1114 919 1267 978 saecla
1295 920 1553 976 ferarum.

272 1024 347 1078 At
367 1019 642 1077 conlectus
673 1041 852 1097 aquae,
885 1019 1118 1098 digitum
1143 1041 1255 1076 non
1278 1018 1440 1075 altior
1470 1041 1642 1076 unum

194 1122 306 1194 Qui
333 1119 538 1197 lapides
571 1123 713 1177 inter
739 1122 912 1190 sistit,
931 1142 1031 1197 per
1059 1133 1229 1176 strata
1254 1121 1468 1176 viarum
1484 1164 1497 1191 ‚

191 1223 518 1297 Despectum
541 1221 747 1297 praebet
777 1220 876 1276 sub
907 1233 1076 1276 terras
1105 1222 1303 1296 impete
1334 1231 1515 1290 tant0‚

194 1323 239 1376 A
272 1321 430 1376 terris
456 1333 719 1396 quantum
743 1320 864 1376 coeli
898 1332 1049 1396 patet
1072 1319 1214 1375 altus
1235 1321 1450 1386 hiatus;

194 1419 397 1476 Nubila
422 1419 717 1497 despicere,
744 1432 798 1476 et
829 1419 1026 1476 coelum
1061 1431 1121 1475 ut
1146 1418 1363 1475 videare
1390 1418 1600 1490 videre,
1637 1431 1692 1473 et

196 1521 444 1596 Corpora
463 1519 715 1575 mirando
739 1520 840 1575 sub
863 1531 1036 1575 terras
1058 1518 1243 1574 abdita
1270 1516 1424 1578 coelo.

270 1621 550 1695 Denique,
585 1620 680 1675 ubi
704 1609 760 1675 in
786 1617 964 1674 medio
990 1618 1147 1674 nobis
1175 1638 1347 1693 equus
1381 1637 1506 1672 acer
1529 1617 1758 1672 obhaesit

191 1717 470 1790 Flumine,
501 1731 555 1773 et
581 1720 638 1773 in
671 1717 889 1795 rapidas
919 1719 1095 1772 amnis
1126 1717 1469 1794 despeximus
1499 1715 1704 1787 undaS,

190 1819 393 1873 Stantis
425 1818 552 1893 equi
581 1838 782 1894 corpus
814 1829 1186 1873 transversum
1220 1816 1364 1872 ferre
1393 1814 1612 1872 videtur

188 1917 312 1988 Vis,
342 1929 395 1972 et
422 1918 480 1972 in
513 1915 802 1974 adversum
828 1917 1035 1974 flumen
1061 1917 1389 1977 contrudere
1417 1919 1617 1995 raptim
1647 1939 1658 1972 :

186 2015 282 2084 Et,
313 2036 640 2092 quocunque
664 2015 850 2073 oculos
879 2018 1213 2095 trajecimus,
1244 2020 1433 2075 omnia
1461 2018 1621 2091 ferri,

186 2116 257 2170 Et
286 2114 454 2172 fluere
482 2117 716 2174 adsimili
746 2118 902 2174 nobis
934 2121 1146 2175 ratione
1171 2119 1446 2176 videntur.

267 2216 513 2273 Porticus
536 2216 728 2292 aequali
762 2219 1009 2293 quamvis
1042 2231 1124 2275 est
1151 2218 1388 2294 denique
1418 2219 1611 2290 ductii,

188 2316 452 2390 Stansque
478 2315 535 2370 in
565 2329 890 2392 perpetuum
922 2318 1146 2393 paribus
1179 2318 1402 2374 suffulta
1438 2317 1740 2390 celumniS‚
1794 2311 1801 2316 ⁷

187 2415 377 2490 Longa
406 2426 588 2470 tamen
607 2458 622 2486 ‚
655 2428 809 2492 parte
837 2417 904 2472 ab
933 2438 1171 2487 summa,
1203 2439 1374 2493 quum
1406 2430 1522 2474 tota
1566 2418 1798 2489 videtur,

186 2511 456 2568 Paulatim
492 2515 658 2570 trahit
684 2517 901 2592 angusti
933 2515 1148 2594 fastigia
1181 2518 1339 2589 coni,

187 2614 350 2668 Tecta
374 2612 490 2669 solo
518 2614 751 2691 jungens
786 2628 950 2692 atque
981 2617 1164 2672 omnia
1196 2616 1419 2673 dextera
1443 2616 1615 2689 laevis,

187 2713 376 2768 Donec
404 2713 461 2768 in
494 2713 787 2772 obscurum
819 2718 942 2772 coni
975 2717 1236 2773 conduxit
1260 2737 1515 2785 acumen.

269 2811 334 2864 In
358 2810 547 2889 pelago
572 2816 749 2870 nautis
768 2857 782 2884 ‚
811 2837 876 2872 ex
909 2816 1069 2872 undis
1102 2830 1255 2874 ortus
1274 2861 1288 2888 ‚
1325 2818 1380 2873 in
1408 2815 1571 2872 undis

190 2906 278 2963 Sol
310 2907 371 2964 fit
401 2911 481 2966 uti
514 2912 763 2971 videatur
792 2917 973 2986 obire,
1007 2929 1060 2973 et
1089 2917 1322 2973 condere
1354 2916 1563 2987 lumen3

191 3010 409 3085 Quippe
442 3010 534 3066 ubi
565 3012 642 3068 nil
669 3014 817 3073 aliud
850 3018 952 3072 nisi
978 3037 1176 3093 aquam
1206 3016 1513 3092 coelumque
1547 3027 1775 3071 tuentur
1806 3037 1816 3070 :

190 3110 276 3165 Ne
302 3107 491 3165 leviter
523 3112 709 3169 credas
741 3114 1052 3173 labefactari
1085 3118 1325 3192 undique
1359 3136 1562 3173 sensus

273 3212 343 3264 At
366 3211 528 3266 maris
556 3213 757 3288 ignaris
789 3217 843 3271 in
870 3230 1040 3293 ponto
1068 3217 1260 3273 clauda
1292 3217 1547 3272 videntur

194 3308 446 3384 Navigia,
478 3309 730 3385 aplustris
766 3313 975 3384 fractis,
1008 3317 1244 3372 obnitier
1278 3317 1469 3387 undis;

1550 3437 1659 3492 ‚9-
