2340 3926
291 257 344 308 (v.
365 259 477 309 230.)
708 259 792 303 DE
825 257 1045 302 RERUM
1079 255 1330 299 NATURA
1365 256 1473 299 Lm.
1512 257 1547 298 1.

294 362 446 417 Unde
477 361 571 416 alit
604 371 765 434 atque
797 369 991 434 auget,
1024 359 1320 433 generatim
1353 357 1550 433 pabula
1583 355 1866 432 praebens?

287 460 446 516 Unde
477 477 622 513 mare
653 457 874 532 ingenui
905 456 1083 511 fontes
1115 467 1441 531 externaque
1474 455 1634 531 longe

284 557 530 612 Flumina
562 553 951 630 suppeditant?
979 554 1140 610 Unde
1168 555 1335 610 aether
1362 554 1536 610 sidera
1566 551 1778 629 pascit?

202 647 208 651 ¹
285 655 483 710 Omnia
507 654 651 708 enim
677 652 867 724 debet,
897 652 1113 709 mortali
1139 674 1365 731 corpore
1390 673 1508 728 quae
1541 663 1693 724 sunt,

280 751 494 806 Infinita
516 763 642 807 aetas
667 734 1262 828 consumpseanteacta
1286 752 1524 827 diesque.

279 848 442 920 Quod
473 850 517 904 si
545 850 600 904 in
627 870 692 905 eo
719 851 894 926 spatio
927 862 1089 925 atque
1118 862 1361 906 anteacta
1386 860 1541 905 aetate
1570 847 1745 919 fuere,

275 949 320 1002 E
352 947 547 1021 quibus
578 949 690 1003 haec
722 968 906 1006 rerum
935 950 1180 1005 consistit
1205 968 1417 1003 summa
1447 947 1677 1016 refecta3

273 1044 572 1100 Immortali
606 1058 734 1102 sunt
762 1048 974 1104 Natura
990 1048 1218 1124 praedita
1239 1059 1386 1102 certe·
1414 1067 1426 1101 ε

273 1143 433 1199 Haud
466 1144 631 1221 igitur
664 1158 890 1221 possunt
919 1146 988 1202 ad
1021 1145 1195 1201 nilum
1224 1166 1449 1221 quaeque
1484 1146 1701 1201 reverti.

350 1243 599 1318 Denique
632 1260 718 1300 res
747 1265 934 1301 omnes
962 1244 1150 1302 eadem
1174 1245 1255 1305 vis
1283 1264 1552 1320 causaque
1580 1244 1740 1321 volgo

271 1341 603 1414 Conficeret‚
638 1343 741 1398 nisi
774 1345 1023 1400 materies
1052 1357 1252 1400 aeterna
1279 1356 1486 1400 teneret

187 1470 190 1473 ·
270 1442 419 1495 Inter
452 1460 508 1496 se
540 1461 725 1513 nean‚
753 1443 932 1497 minus
960 1454 1055 1497 aut
1084 1443 1256 1518 magis
1283 1442 1621 1518 endopedite.

269 1540 470 1595 Tactus
498 1541 644 1595 enim
670 1539 802 1595 lethi
836 1542 964 1595 satis
989 1552 1129 1595 esset
1151 1561 1311 1595 causa
1338 1540 1606 1615 profect03

269 1638 491 1714 Quippe
510 1681 525 1708 ,
558 1639 652 1694 ubi
681 1638 830 1694 nulla
860 1639 1038 1694 forent
1065 1651 1268 1695 aeterno
1292 1659 1547 1714 corpore,
1580 1659 1768 1694 eorum

268 1739 596 1792 Contextum
625 1738 706 1792 vis
734 1737 954 1793 deberet
979 1737 1272 1793 dissolvere
1298 1751 1540 1813 quaeque.

265 1837 339 1892 At
364 1856 534 1907 nune,
571 1836 715 1892 inter
746 1858 802 1892 se
831 1838 961 1913 quia
985 1858 1155 1894 nexus
1181 1837 1579 1914 principiorum

265 1933 566 1991 Dissimiles
600 1948 873 2009 constant,
902 1950 1210 2012 aeternaque
1238 1938 1489 1993 materies
1518 1948 1629 2005 est;

264 2033 534 2090 Incolumi
561 2047 844 2092 remanent
869 2048 954 2091 res
981 2057 1243 2113 corpore,
1262 2036 1394 2092 dum
1422 2037 1550 2091 satis
1579 2036 1714 2091 acris
1757 2018 1763 2023 ’

172 2171 176 2174 -
262 2135 364 2190 Vis
389 2134 546 2190 obeat
570 2155 672 2211 pro
699 2146 914 2191 textura
940 2137 1203 2211 cujusque
1227 2148 1458 2211 reperta.

262 2231 423 2288 Haud
448 2234 618 2309 igitur
643 2233 784 2289 redit
809 2233 878 2288 ad
903 2233 1138 2289 nihilum
1165 2254 1251 2288 res
1277 2233 1389 2288 ulla
1407 2276 1421 2304 ‚
1451 2232 1541 2288 sed
1568 2252 1756 2287 omnes

177 2319 179 2324 Ι
263 2333 501 2390 Dissidio
532 2331 764 2388 redeunt
790 2333 847 2386 in
879 2333 1403 2408 corpora'materiai.
1484 2350 1489 2353 “

338 2435 621 2490 Postremo
651 2443 881 2508 pereunt
907 2430 1131 2502 imbreS‚
1160 2431 1253 2490 ubi
1289 2451 1379 2485 eos
1409 2442 1564 2505 pater
1593 2431 1782 2487 AEther

260 2534 326 2588 ln
361 2531 630 2610 gremium
661 2532 850 2586 matris
882 2532 1069 2586 Terrai
1094 2528 1489 2607 praecipitavit?
1583 2585 1585 2587 .

262 2634 336 2688 At
358 2631 544 2687 nitidae
573 2642 806 2708 surgunt
830 2630 1040 2708 fruges,
1069 2631 1314 2705 ramique
1339 2630 1620 2685 virescunt
1660 2653 1665 2658 ·

263 2730 586 2800 Arboribus;
615 2741 864 2786 crescunt
890 2731 1016 2806 ipsae
1050 2729 1289 2805 foetuque
1321 2741 1634 2805 gravantur.

262 2830 403 2884 Hinc
431 2828 595 2885 alitur
625 2850 791 2906 porro
821 2841 1070 2885 nostrum
1096 2849 1266 2906 genus
1284 2872 1299 2900 ⁷
1329 2838 1493 2904 atque
1527 2828 1766 2883 ferarum
1798 2850 1809 2883 :

263 2929 404 2982 Hinc
436 2927 580 2984 laetas
613 2929 776 2986 urbes
805 2930 986 3006 pueris
1020 2927 1215 2984 florere
1243 2928 1489 2984 videmus
1511 2971 1526 2998 ‚

263 3025 718 3104 Frondiferasque
745 3029 900 3084 novis
927 3028 1118 3085 avibus
1154 3049 1349 3084 canere
1383 3026 1627 3102 undique
1654 3026 1812 3082 silvas
1839 3047 1852 3081 ε

224 3139 227 3142 ’
262 3127 405 3181 Hinc
431 3125 579 3182 fessoe
605 3128 836 3204 pecudes
864 3129 1094 3206 pingues
1128 3149 1226 3205 per
1253 3126 1453 3203 pabula
1480 3124 1602 3182 laeta

252 3227 510 3303 ⁷Corpora
539 3225 819 3302 deponunt
840 3272 856 3301 ‚
886 3241 937 3285 et
969 3229 1204 3286 candens
1233 3227 1439 3284 lacteus
1467 3228 1664 3282 humor

1954 270 1982 312 9
2001 298 2007 305 .
