2340 3926
215 311 267 360 (v.
287 311 370 362 5ο.)
630 309 712 352 DE
743 306 966 351 RERUM
997 305 1248 350 NATURA
1282 305 1392 349 LIB.
1431 304 1488 349 11.
1843 308 1896 356 [ιι

212 415 536 482 Versantur,
566 429 740 484 neque
767 405 1035 483 fulgorem
1065 419 1385 462 reverentur
1411 407 1479 462 ab
1513 426 1645 461 auro

212 511 328 566 Nec
357 509 561 566 clarum
589 507 753 561 vestis
781 504 1124 581 splendorem
1152 507 1447 582 purpureai
1469 549 1484 575 ‚

182 671 187 676 ⁴
212 608 364 680 Quid
392 606 604 662 dubitas
635 604 766 680 quin
800 625 961 659 omne
987 604 1056 660 sit
1088 605 1192 659 hoc
1220 605 1444 660 rationis
1472 613 1702 680 egestaS,

216 707 409 763 Omnis
439 725 607 780 quum
636 704 694 757 in
724 703 961 778 tenebris
991 703 1292 779 praesertim
1324 704 1438 757 vita
1471 699 1715 757 laboret?

290 805 432 860 Nam
459 802 628 858 veluti
658 803 815 878 pueri
845 801 1122 883 trepidant
1148 813 1312 876 atque
1340 801 1523 855 omnia
1550 800 1700 854 caecis

212 909 278 961 In
306 902 541 958 tenebris
570 912 824 957 metuunt
856 922 868 955 ε
901 901 978 955 sic
1005 891 1105 955 nos
1139 901 1195 954 in
1225 898 1345 971 luce
1377 899 1633 953 timemus

209 1002 490 1059 Interdum
515 999 690 1057 nihilo
718 1021 837 1076 quae
865 989 994 1058 sunt
1021 998 1316 1055 metuenda
1344 998 1515 1073 magis
1541 1016 1705 1072 quam

211 1103 348 1174 Quae
374 1101 530 1178 pueri
559 1101 616 1156 in
645 1100 882 1156 tenebris
910 1101 1184 1176 pavitant,
1213 1097 1534 1174 finguntque
1563 1096 1763 1151 futura.

209 1203 372 1257 Hunc
399 1201 568 1278 igitur
602 1211 865 1256 terrorem
893 1200 1061 1255 animi
1094 1198 1454 1274 tenebrasque
1481 1216 1696 1252 necesse
1721 1207 1799 1250 est

210 1300 336 1355 Non
364 1298 504 1355 radii
530 1298 861 1375 solis-neque
888 1297 1073 1355 lueida
1101 1297 1209 1354 tela
1237 1298 1343 1353 diei

210 1398 554 1470 Discutiant,
585 1397 679 1454 sed
705 1409 914 1453 naturae
941 1377 1146 1474 species
1174 1398 1440 1473 ratioque.

290 1499 458 1554 Nunc
486 1517 585 1575 age
608 1518 620 1552 z
646 1518 756 1573 quo
785 1509 940 1553 motu
967 1496 1227 1573 genitalia
1256 1497 1502 1551 materiai

215 1596 462 1672 Corpora
488 1616 572 1652 res
599 1597 775 1652 varias
806 1597 1066 1673 gignant,
1095 1595 1411 1672 genitasque
1437 1592 1738 1661 resolvant,

210 1696 281 1750 Et
305 1715 413 1770 qua
438 1695 494 1749 vi
518 1694 696 1750 faeere
722 1694 778 1749 id
810 1705 1103 1771 cogantur,
1132 1713 1318 1770 quaeve
1347 1695 1414 1749 sit
1447 1691 1568 1748 ollis

210 1792 444 1848 Reddita
476 1791 748 1848 mobilitas
775 1803 1035 1871 magnum
1070 1813 1170 1869 per
1203 1794 1362 1848 inane
1388 1791 1628 1860 meandi,

210 1890 509 1967 Expediam
529 1913 541 1947 :
563 1903 624 1947 tu
653 1904 707 1947 te
735 1891 899 1948 dictis
929 1892 1178 1970 praebere·
1197 1903 1490 1948 memento.

289 1990 430 2046 Nam
459 2002 606 2047 certe
627 2012 739 2047 non
768 1991 911 2047 inter
941 2012 997 2048 se
1029 1990 1228 2068 stipata
1259 1992 1512 2047 cohaeret·

213 2090 504 2160 Materies;
530 2091 788 2166 quoniam
813 2083 988 2146 minui
1015 2112 1132 2146 rem
1161 2111 1440 2168 quamque·
1460 2089 1727 2158 videmuS,

213 2189 285 2243 Et
314 2189 468 2263 quasi
498 2186 799 2266 longinquo
825 2190 994 2245 fluere
1022 2191 1206 2245 omnia
1232 2191 1507 2246 cernimus
1539 2209 1685 2258 aeVO,

213 2288 295 2341 Ex
324 2285 603 2362 oculisque
628 2298 956 2343 vetustatem
987 2288 1291 2354 subducere
1320 2288 1556 2353 nostri-s:

214 2384 404 2456 Quum
433 2396 615 2440 tamen
642 2385 932 2442 incolumis
960 2386 1212 2441 videatur
1241 2406 1454 2464 summa
1482 2407 1732 2455 manere3

212 2485 507 2559 Propterea
539 2485 667 2560 quia
700 2505 819 2560 quae
849 2483 1121 2540 decedunt
1150 2505 1382 2560 corpora
1409 2506 1624 2560 cunque

213 2581 374 2639 Unde
407 2582 921 2656 abeunt,minuunt,
951 2605 1061 2660 quo
1088 2605 1286 2641 venere
1309 2586 1563 2662 augmine
1591 2585 1821 2653 donant,

216 2679 318 2737 Illa
348 2701 624 2766 senescere
650 2695 708 2737 at
734 2683 850 2740 haec
879 2696 1074 2739 eontra
1101 2683 1388 2741 florescere
1421 2696 1649 2760 cogunt,

212 2780 334 2846 ‚Nec
361 2792 709 2837 remorantur
738 2782 830 2837 ibi.
864 2784 953 2862 Sic
984 2805 1166 2839 rerum
1197 2805 1407 2840 summa
1436 2796 1670 2839 novatur

219 2880 464 2954 Semper,
498 2891 554 2935 et
578 2881 721 2936 inter
747 2902 802 2937 se
836 2881 1092 2939 mortales
1121 2895 1312 2939 mutua
1342 2885 1564 2939 vivunt:

220 2979 534 3052 Augescunt
559 2976 675 3034 aliae
705 2993 918 3057 gentes,
949 2980 1066 3037 aliae
1094 2984 1441 3053 minuuntur;

218 3078 393 3151 Inque
420 3074 573 3130 brevi
604 3081 778 3154 spatio
813 3092 1098 3136 mutantur
1126 3081 1279 3138 saecla
1311 3082 1675 3152 animantum,

219 3164 314 3246 Et,
339 3174 492 3250 quasi
522 3194 794 3250 cursores,
829 3181 959 3235 vitai
987 3179 1236 3258 lampada
1265 3180 1504 3237 tradunt.

301 3272 356 3327 Si
388 3291 592 3329 cessare
623 3285 780 3349 putas
807 3298 988 3334 rerum
1025 3279 1322 3355 primordia
1354 3299 1532 3355 posse,
