2320 3866
389 260 476 305 166
966 257 1017 299 T.
1054 256 1343 315 LUCRETII
1381 257 1521 300 CARI
1897 256 1948 306 (v.
1973 265 2062 303 142.

382 368 584 420 Totum
608 380 764 438 posse
795 371 948 414 extra
976 379 1204 435 corpus,
1238 359 1575 434 formamque
1603 355 1916 427 animalem,

381 463 639 521 Putribus
669 462 725 515 in
759 458 927 537 glebis
956 470 1257 530 terrarum,
1286 471 1379 513 aut
1412 457 1538 514 solis
1572 458 1628 512 in
1654 457 1766 534 igni
1790 499 1804 527 ,

381 566 495 619 Aut
526 563 582 617 in
608 579 749 637 aqua
784 558 1011 629 durare,
1043 569 1137 612 aut
1163 555 1285 613 altis
1315 558 1528 613 aetheris
1553 556 1680 612 oriS.

379 661 540 719 Haud
574 662 739 737 igitur
765 669 1017 714 constant
1048 656 1233 712 divino
1262 656 1485 734 praedita
1518 677 1678 712 sensu

383 758 844 836 Quandoquidem
875 770 1154 833 nequeunt
1182 755 1420 813 vitaliter
1446 777 1559 813 esse
1588 757 1840 811 animata.

459 859 604 915 Illud
639 860 769 914 item
799 878 911 914 non
943 868 1021 913 est
1055 869 1117 912 ut
1150 857 1325 932 possis
1361 855 1608 926 credere,
1639 854 1789 911 sedes

378 964 511 1015 Esse
540 959 722 1015 Defim
753 970 961 1013 sanctas
998 958 1055 1011 in
1087 955 1280 1011 mundi
1309 956 1556 1031 partibus
1587 954 1711 1010 ullis
1739 975 1751 1008 :

378 1059 578 1114 Tenuis
613 1058 760 1112 enim
791 1068 988 1110 natura
1014 1054 1193 1111 Defim
1215 1097 1230 1125 ‚
1266 1053 1536 1129 longeque
1564 1065 1771 1108 remota

379 1157 639 1212 Sensibus
666 1175 699 1209 a
727 1155 958 1225 nostris,
993 1154 1163 1208 animi
1190 1153 1282 1208 vix
1311 1163 1492 1206 mente
1520 1152 1764 1221 videtur3

379 1257 517 1327 Quae
544 1255 803 1330 quoniam
835 1272 1101 1308 manuum
1133 1262 1341 1306 tactum
1372 1249 1600 1326 suffugit
1628 1262 1682 1304 et
1710 1251 1905 1314 ictum,

376 1353 585 1410 Tactile
618 1352 696 1409 nil
725 1353 884 1408 nobis
914 1351 1063 1429 quod
1093 1352 1189 1421 sit,
1226 1333 1541 1426 contingere
1569 1347 1766 1403 dehet:

376 1458 623 1530 Tangere
652 1454 799 1509 enim
831 1473 943 1507 non
966 1451 1086 1527 quit
1107 1492 1123 1522 ,
1153 1449 1302 1526 quod
1334 1450 1488 1526 tangi
1518 1445 1781 1503 nonlicet
1810 1448 2006 1523 ipsum.

378 1554 566 1625 Quare
599 1553 764 1608 etiam
789 1551 939 1607 sedes
967 1569 1186 1626 quoque
1213 1549 1414 1604 nostris
1441 1547 1659 1604 sedibus
1687 1566 1803 1602 esse

375 1649 679 1708 Dissimiles
706 1650 944 1720 debent,
974 1662 1164 1705 tenues
1192 1648 1260 1703 de
1296 1667 1525 1724 corpore
1555 1667 1743 1702 eorum
1773 1668 1784 1700 z

378 1753 514 1825 Quae
542 1752 644 1807 tibi
672 1750 942 1828 posterius
970 1748 1125 1826 largo
1153 1768 1402 1804 sermone
1430 1747 1692 1824 probabo,

456 1853 653 1907 Dicere
688 1871 887 1928 porr0,
920 1849 1207 1905 hominum
1236 1867 1401 1904 causa
1429 1845 1666 1903 voluisse
1693 1866 1890 1922 parare

373 1950 696 2006 Praeclaram
723 1949 918 2006 mundi
943 1961 1195 2005 naturam
1213 1992 1229 2019 ‚
1262 1959 1662 2024 proptereaque

372 2049 438 2104 Id
462 2048 736 2105 laudabile
765 2069 902 2124 opus
935 2047 1141 2103 Divum
1169 2045 1394 2102 laudare
1422 2045 1638 2116 decere,

373 2150 774 2223 AEternumque
802 2159 997 2223 putare
1024 2157 1189 2221 atque
1213 2142 1526 2199 immortale
1553 2144 1835 2215 futurum3

372 2249 488 2304 Nec
516 2246 595 2302 fas
628 2266 766 2317 esse,
796 2245 977 2302 Defim
1009 2242 1158 2320 quod
1188 2243 1259 2299 sit
1288 2244 1500 2298 ratione
1532 2255 1743 2298 vetusta

373 2345 644 2402 Gentibus
675 2345 928 2399 humanis
958 2343 1249 2399 fundatum
1277 2354 1542 2420 perpetuo
1573 2363 1717 2413 aem,

372 2443 676 2501 Sollicitare
704 2444 812 2499 suis
846 2441 1019 2498 ullum
1052 2442 1120 2498 de
1144 2443 1363 2499 sedibus
1392 2461 1663 2518 unquam,

343 2573 346 2575 “
371 2548 492 2603 Nec
522 2545 701 2601 verbis
730 2563 956 2615 vexare,
987 2556 1043 2598 et
1075 2544 1143 2598 ab
1170 2545 1280 2599 imo
1309 2556 1548 2600 evertere
1575 2563 1842 2599 summam
1873 2564 1884 2596 :

374 2649 582 2703 Caetera
613 2645 681 2700 de
706 2665 905 2723 genere
937 2645 1041 2700 hoc
1073 2643 1349 2720 adfingere
1379 2656 1430 2698 et
1456 2644 1684 2715 addere,
1713 2644 1939 2699 Memmi
1957 2686 1972 2711 ‚

370 2747 634 2822 Desipere
664 2757 774 2815 est;
804 2745 937 2821 quid
961 2746 1108 2800 enim
1139 2743 1535 2799 immortalibus
1568 2756 1730 2820 atque
1760 2744 1928 2798 beatis

373 2847 568 2902 Gratia
600 2858 788 2901 nostra
815 2859 980 2922 queat
1011 2844 1260 2923 largirier
1290 2843 1667 2913 emolumenti,

374 2948 455 3002 Ut
478 2959 668 3003 nostra
697 2947 1001 3023 quidquam
1031 2966 1193 3003 causa
1227 2967 1414 3024 gerere
1449 2944 1873 3023 aggrediantur?

372 3045 591 3119 Quidve
620 3047 748 3102 novi
783 3049 965 3124 potuit
995 3059 1147 3103 tanto
1180 3058 1303 3123 post
1332 3057 1457 3101 ante
1488 3046 1697 3122 quietos

370 3144 632 3216 Inlicere‚
664 3157 727 3202 ut
757 3160 1019 3224 cuperent
1053 3149 1220 3203 vitam
1250 3159 1462 3202 mutare
1497 3145 1776 3222 priorem?

374 3246 514 3301 Nam
546 3247 782 3323 gaudere
816 3251 970 3305 novis
1000 3248 1160 3304 rebus
1192 3247 1391 3303 debere
1420 3245 1654 3317 videtur,
