2320 3866
448 269 474 297 2
482 270 505 311 7
512 253 539 298 8
1054 249 1540 296 ADNOTATIONES

484 346 571 411 -(v.
606 347 697 393 266
735 343 857 409 sqq.)
899 364 918 386 «
933 345 1145 405 Namque
1173 344 1427 405 particulae,
1441 344 1642 389 materiae
1677 359 1780 405 quae
1812 347 1962 391 motui
1994 348 2146 396 inser-

443 423 602 481 viunt,
632 438 689 467 ex
720 430 823 467 toto
850 436 1051 480 corpore
1083 421 1282 465 collectae
1312 420 1486 465 debent
1509 420 1783 478 convenire,
1807 430 1862 467 ut
1889 423 2149 482 conjunctae

444 497 538 563 (vel
565 514 662 544 uno
690 498 869 558 impetu
888 493 1086 558 emissae)
1113 495 1362 555 imperium
1381 496 1633 541 voluntatis
1656 496 1826 544 faciant
1857 514 1868 541 :
1892 499 2018 544 unde
2042 516 2146 546 ma-
2191 550 2196 553 ⁸

443 575 661 621 nifestum
683 584 751 620 est
774 583 932 620 motus
953 573 1138 618 initium
1161 587 1188 617 a
1214 571 1358 617 corde
1371 569 1500 630 fieri,
1524 581 1569 617 et
1591 572 1798 634 primum
1819 575 2078 633 procedere
2093 594 2152 623 ex

441 653 682 697 voluntate
709 650 850 697 animi
880 648 983 714 (qui
1006 650 1057 694 in
1086 648 1229 694 corde
1259 648 1372 693 situs
1394 646 1507 711 est),
1537 658 1583 694 et
1609 650 1719 694 inde
1741 665 1827 710 per
1856 659 2009 695 totum
2039 669 2149 698 cor-

440 742 530 786 pus
553 735 599 772 et
628 728 783 773 omnia
810 728 1020 772 membra
1042 724 1260 786 dispergi.
1278 745 1297 765 »
1320 726 1532 771 Cnmzcn.

506 800 568 866 (v.
604 819 697 861 272
732 802 854 866 sqq.)
887 802 1182 862 Explicatum
1202 800 1348 846 modo
1373 801 1691 846 voluntarium
1718 811 1899 847 motum
1919 803 2119 850 illustrat
2134 842 2147 864 ,

442 880 793 939 comparatione
821 880 942 924 facta
973 878 1095 923 inter
1131 893 1237 922 eum
1263 886 1309 921 et
1338 886 1516 923 motum
1551 877 1834 937 violentum3
1870 895 1978 924 nam
2015 891 2148 928 motu

439 955 648 1001 violento
674 957 765 1001 acti
796 955 891 1000 vim
916 964 1154 999 externam
1177 953 1396 998 sentimus
1410 971 1423 1010 ;
1446 969 1593 1013 quum
1614 963 1749 999 motu
1779 965 1943 1001 nostro
1971 973 2144 1016 proce-

441 1030 617 1088 dimus,
636 1032 767 1075 'nihil
797 1033 902 1075 tale.
929 1029 1112 1074 Deinde
1137 1028 1186 1073 vi
1212 1037 1428 1072 extremae
1464 1036 1695 1090 repugnat
1721 1033 1938 1077 voluntas
1958 1043 2117 1079 nostra
2132 1071 2145 1093 ‚

439 1105 694 1165 aliquando
710 1106 847 1150 etiam
866 1104 1038 1161 vincit;
1060 1103 1186 1148 unde
1207 1110 1339 1162 patet
1360 1117 1458 1147 esse
1481 1103 1674 1162 aliquod
1698 1105 1983 1167 principium
1998 1109 2146 1157 inter-

436 1196 551 1225 num
571 1190 727 1226 motus
740 1215 754 1239 ,
776 1181 977 1225 liberum
1007 1180 1147 1239 plane
1163 1213 1176 1236 ,
1206 1193 1294 1222 nec
1315 1179 1414 1223 ulla
1433 1178 1704 1224 necessitate
1731 1181 1953 1230 vinctum.

502 1257 730 1301 Donicum
753 1253 816 1319 (v.
852 1253 988 1319 276).
1010 1254 1104 1299 Alii
1125 1273 1145 1295 «
1161 1253 1327 1299 donec.
1343 1273 1364 1295 n

502 1334 717 1390 ProJ'ecta
753 1331 1013 1392 refrenatur
1051 1329 1113 1394 (v.
1152 1327 1288 1393 283).
1327 1331 1365 1375 Ι.
1407 1345 1447 1375 e.
1478 1329 1641 1375 emissa
1668 1330 1907 1378 inhibetur
1938 1343 1984 1380 et
2016 1347 2144 1384 retro

436 1406 584 1454 ssuere
607 1410 806 1472 cogitur.

503 1482 566 1548 (v.
600 1482 733 1546 286.)
761 1504 782 1526 «
797 1484 1056 1545 Epicurus,
1084 1498 1233 1544 quum
1259 1481 1468 1541 videret,
1491 1481 1530 1528 si
1551 1484 1695 1530 atomi
1726 1485 1962 1532 ferrentur
1986 1487 2037 1532 in
2066 1491 2144 1535 lo-

436 1577 543 1606 cum
577 1561 848 1607 inferiorem
876 1568 1046 1620 suopte
1080 1559 1319 1620 pondere,
1348 1558 1466 1604 nihil
1496 1559 1599 1606 fore
1634 1561 1685 1607 in
1719 1571 1881 1608 nostra
1900 1572 2146 1623 potestate,

435 1637 568 1698 quod
593 1645 710 1683 esset
730 1653 891 1683 earum
909 1645 1067 1681 motus
1095 1644 1251 1681 certus
1276 1644 1322 1680 et
1343 1631 1652 1696 necessarius,
1675 1638 1852 1702 invenit
1878 1655 1975 1700 quo
1998 1643 2143 1687 modo

432 1714 750 1759 necessi-tatem
779 1714 1032 1775 effugeret,
1064 1712 1197 1774 quod
1227 1712 1446 1758 videlicet
1479 1714 1802 1764 Democritum
1836 1716 2031 1778 fugerat.
2051 1719 2145 1773 ‘Ait

434 1798 663 1849 atomum,
687 1806 834 1851 quum
854 1789 1067 1850 pondere
1095 1797 1143 1838 et
1170 1788 1397 1852 gravitate
1420 1788 1600 1836 directo
1627 1791 1822 1837 deorsus
1844 1792 2036 1852 feratur,
2053 1795 2140 1840 de-

434 1865 608 1913 clinare
629 1869 903 1927 paullulum.
920 1886 940 1908 »
963 1867 1091 1922 C1c.,
1122 1866 1182 1910 de
1211 1866 1321 1910 Nat.
1351 1866 1521 1921 Deon,
1557 1882 1603 1925 1,
1636 1868 1712 1914 25.

496 1944 751 1989 Necessum
784 1941 846 2007 (v.
879 1940 1012 2006 289).
1034 1942 1167 1988 Idem
1193 1941 1326 2003 quod
1353 1957 1551 1988 necesse.
1580 1943 1702 1989 Vide
1727 1946 1915 1990 Dom'r.
1949 1946 2010 1991 ad
2044 1949 2138 1992 Te-

431 2027 577 2076 rent.,
610 2022 758 2075 Eun„
783 2036 837 2077 v,
872 2017 924 2077 5,
949 2017 1025 2064 28.
1236 2018 1238 2020 ’

499 2095 738 2140 Clinamen
762 2093 824 2159 (v.
856 2093 983 2158 292).
1014 2096 1157 2140 «Vox
1183 2095 1406 2139 Lucretio
1432 2096 1655 2156 propria,
1685 2113 1772 2142 nec
1795 2099 1893 2143 ullo
1922 2099 2013 2144 alio
2030 2102 2139 2146 loco

427 2171 567 2217 nohis
593 2172 783 2234 cognito
811 2186 1082 2228 occurrens,
1097 2178 1223 2216 recte
1243 2179 1399 2216 tamen
1414 2186 1441 2216 a
1464 2172 1614 2217 verbo
1638 2173 1835 2234 simplici
1862 2163 2036 2221 clinare
2058 2177 2137 2222 de-
2210 2176 2215 2181 ’

427 2247 590 2295 rivata.
607 2269 627 2291 »
655 2250 860 2294 Fonmo.

495 2323 557 2388 (v.
584 2323 712 2389 301.)
742 2324 916 2385 Saepius
942 2325 994 2369 in
1027 2325 1185 2370 verbis
1214 2340 1321 2369 cum
1353 2324 1402 2369 in
1426 2326 1694 2386 compositis
1729 2329 1972 2375 Lucretius
2001 2331 2132 2375 tmesi

428 2401 589 2447 utitur.
627 2402 697 2447 Cf.
738 2417 832 2459 111,
881 2401 996 2457 4835
1032 2417 1108 2458 ιν,
1171 2401 1286 2458 564,
1333 2399 1447 2459 715,
1501 2402 1643 2459 1145,
1694 2404 1840 2461 12463
1879 2420 1952 2461 VI,
2004 2406 2127 2466 394,

430 2475 523 2535 570
538 2513 552 2535 ‚
578 2487 665 2523 etc.

495 2555 697 2616 Surpere
726 2551 788 2617 (v.
817 2550 944 2615 314).
972 2552 1179 2597 Positum
1205 2561 1273 2597 est
1301 2568 1392 2612 pro
1428 2555 1664 2613 surripere.
1703 2555 1778 2600 Sic
1809 2558 1999 2615 Horat.,
2040 2557 2126 2601 Od.

429 2647 492 2690 iv,
524 2632 603 2688 13,
630 2645 689 2674 2ο
722 2647 732 2674 :

716 2738 812 2787 Quae
835 2748 897 2774 me
915 2741 1119 2788 surpuerat
1136 2733 1245 2773 mihi.

425 2844 548 2890 Vide
573 2845 711 2890 etiam
739 2845 832 2890 Sat.
858 2861 899 2890 11
916 2879 929 2903 ,
946 2844 1013 2903 .8,
1042 2843 1157 2902 283;
1182 2852 1228 2889 et
1252 2846 1450 2901 Prin-r„
1482 2844 1644 2904 Capt.‚
1673 2847 1818 2904 prol.,
1851 2847 1895 2891 8.

495 2921 744 2967 Coniscant
765 2919 826 2985 (v.
854 2918 980 2984 320).
1019 2922 1056 2965 Ι.
1089 2935 1128 2965 e.
1165 2919 1383 2980 arietant,
1413 2921 1633 2966 cornibus
1670 2931 1852 2981 petunt.
1885 2924 1984 2969 Hac
2011 2940 2129 2970 voce

424 2997 576 3043 utitur
606 2998 700 3044 Cic.
723 2997 852 3058 apud
873 2996 1068 3054 Quintil.
1078 3030 1092 3054 ,
1118 3012 1222 3041 v111
1242 3032 1255 3055 ,
1288 2997 1340 3055 3,
1366 3001 1390 3054 S
1422 3013 1477 3042 21
1514 3014 1526 3042 ε
1556 2999 1745 3059 «Caput
1767 3000 1993 3059 opponis,
2020 3017 2125 3046 cum

424 3090 481 3119 eo
507 3075 758 3120 coniscans.
775 3094 796 3115 »ι
818 3073 911 3119 Alii
930 3075 1093 3135 legunt
1121 3083 1362 3117 coruscant
1391 3076 1465 3119 vel
1488 3086 1744 3133 cot-assant,
1769 3076 1902 3136 quod
1924 3093 1951 3122 a
1971 3092 2123 3138 graeco

424 3159 602 3213 κορύσσω
625 3151 876 3196 derivatur.

489 3227 660 3272 Versus
686 3227 799 3285 325,
826 3226 916 3273 326
947 3226 1021 3271 alii
1043 3235 1150 3287 post
1181 3242 1224 3270 v.
1252 3226 1344 3272 330
1370 3236 1570 3285 ponunt.

2299 2347 2308 2367 5
