2320 3866
441 241 534 286 320
1049 241 1530 288 ADNOTATIONES

503 337 745 380 Brumales
754 333 916 394 flexus
949 332 1009 397 (v
1040 333 1165 418 615).
1190 335 1422 382 Nimirum
1445 332 1746 398 AEgooerods,
1780 334 1809 379 i.
1835 349 1874 380 e.
1899 336 2132 396 tropicum

435 410 718 471 Capricorni.

496 488 721 546 Lunaque
742 485 970 530 mensibus
994 483 1055 548 (v.
1074 483 1201 549 617).
1224 486 1283 531 Et
1305 502 1389 532 cur
1414 489 1525 533 luna
1550 487 1739 549 singulis
1768 486 2003 532 mensibus
2017 486 2135 532 illud

432 563 632 622 spatium
651 569 918 622 percurrat,
941 561 991 607 in
1010 578 1108 623 quo
1134 564 1456 623 percurrendo
1471 580 1641 611 annum
1655 562 1926 628 (duodecim
1939 561 2136 626 menses)

432 639 663 684 consumit
678 640 762 685 sol.
1442 691 1445 693 ,

494 712 555 777 (v.
577 713 707 779 633.)
732 718 877 762 Recte
900 715 1107 774 Wakef.,
1133 715 1341 762 Bentleio
1360 732 1570 777 suasore,
1593 715 1776 763 sustulit
1801 731 1981 761 comma
2003 714 2137 775 quod

428 791 571 852 vulgo
607 800 715 850 post
742 794 1070 854 adcpiscuntur
1108 802 1320 852 ponunt,
1350 803 1404 839 ut
1431 810 1528 840 vox
1562 795 1727 839 circum
1760 809 1865 839 cum
1897 791 2136 852 prioribus

429 869 744 929 conjungatur
774 869 866 915 hoc
897 869 1082 914 modo,
1112 870 1245 930 signa
1276 887 1442 915 cereum
1478 869 1594 934 (sci-l.
1619 877 1733 933 ὄντα,
1761 870 1835 914 vel
1867 868 1998 930 signa
2029 867 2134 913 cin-

428 942 602 1007 gentia)
625 944 750 988 hanc
775 947 1112 1006 adipiscuntur,
1145 947 1175 990 i.
1206 962 1231 990 e
1270 956 1750 1007 assequuntur..

491 1020 747 1078 Propterea
763 1021 853 1079 fic,
881 1030 931 1063 uc
953 1018 1016 1082 (v.
1041 1018 1169 1082 634).
1193 1023 1345 1066 «Inde
1365 1021 1451 1080 fit,
1469 1031 1523 1069 ut
1547 1025 1658 1067 luna
1673 1021 1838 1082 saepius
1860 1030 1907 1066 et
1929 1020 2064 1066 citius
2077 1020 2137 1065 ad

426 1095 804 1154 unumquodque
817 1094 1001 1156 signum
1027 1095 1199 1139 reverti
1212 1096 1448 1155 videatur,
1469 1113 1616 1157 quum
1633 1111 1795 1142 revera
1809 1097 1990 1159 singula
2008 1097 2137 1158 signa

425 1168 551 1213 illam
572 1170 822 1215 revisant.»
848 1172 1059 1216 Cnmzcn.

492 1247 693 1307 Magnos
709 1262 858 1292 annos
874 1244 936 1309 (v,
956 1244 1084 1310 643).
1111 1215 1390 1294 «Stellarum
1409 1250 1655 1309 periodos,
1677 1257 1724 1294 et
1750 1249 1961 1307 Saturni,
1984 1249 2136 1307 Jovis,

423 1322 685 1383 Martisque
708 1323 1025 1369 revolutiones
1049 1324 1280 1383 respicere
1301 1325 1541 1371 videtur.»
1559 1327 1771 1371 Cntzcn.

488 1398 691 1457 Inferna
713 1401 923 1460 supernis·
948 1397 1010 1463 (v.
1028 1398 1164 1464 646).
1184 1401 1412 1448 Inferiora
1432 1401 1752 1464 superioribus
1776 1401 2008 1448 contraria
2029 1417 2136 1447 mo-

421 1475 535 1520 veri.

487 1549 549 1614 (v.
592 1550 721 1615 649.)
759 1551 978 1597 Similiter
1024 1552 1254 1612 Epicurus
1287 1555 1338 1599 in
1369 1556 1524 1616 Epist.
1559 1558 1629 1601 ad
1659 1556 1928 1617 Pythoclem
1964 1553 2132 1618 (Biog.

422 1628 603 1684 Laert„
626 1626 702 1691 x),
729 1632 753 1684 5
777 1644 863 1688 92,
891 1637 1047 1674 ortum
1072 1637 1118 1673 et
1141 1645 1356 1675 occasum
1380 1631 1488 1677 solis
1512 1641 1559 1677 et
1580 1633 1701 1678 lunae
1730 1643 1823 1682 κατ’
1846 1638 2057 1696 ἐμφάνειάν
2090 1654 2135 1680 τε

421 1710 518 1768 ὑπὲρ
542 1717 631 1768 γῆς,
652 1711 721 1753 καὶ
742 1713 862 1754 πάλιν
889 1714 1217 1770 ἐπιπροσθέτησιν
1233 1747 1245 1767 ,
1280 1708 1351 1753 vel
1382 1716 1492 1758 κατὰ
1520 1716 1661 1772 ἄναψιν
1668 1749 1730 1759 .....
1759 1715 1829 1758 καὶ
1861 1715 1971 1758 κατὰ
1997 1716 2134 1767 σβέσιν

419 1794 557 1839 posse
588 1779 691 1824 fieri
717 1781 972 1826 contendit.

488 1858 610 1900 Itere
640 1854 702 1919 (v.
726 1855 855 1919 652).
877 1859 913 1902 Ι.
936 1873 977 1905 e.
999 1857 1179 1904 itinere.
1213 1860 1285 1904 De
1310 1859 1398 1904 hac
1419 1860 1685 1922 antiquiore
1709 1876 1875 1906 vocem
1897 1875 1984 1920 per
2006 1875 2128 1906 casus

420 1930 641 1976 flectendi
671 1933 878 1991 ratione,
919 1934 1029 1980 vide
1051 1935 1202 1980 80511».
1232 1937 1450 1994 Cunus„
1488 1954 1533 1995 1,
1566 1954 1614 1998 p.
1642 1939 1704 1985 63
1732 1945 1780 1983 et
1807 1936 1920 1996 106,
1956 1945 2002 1982 et
2027 1937 2127 1981 No-

422 2022 578 2065 NmM,
601 2024 728 2066 v111,
755 2011 827 2055 13.

485 2085 673 2128 Matuta
703 2082 763 2147 (v.
791 2083 920 2148 655).
943 2085 1184 2144 Priscian.,
1210 2104 1253 2132 11
1281 2105 1293 2132 ε
1319 2108 1338 2129 «
1358 2091 1618 2136 Matutinus
1640 2107 1668 2136 a
1687 2094 1896 2149 Matuta,
1929 2105 2034 2150 quae
2067 2090 2126 2135 si·-

419 2158 609 2221 gnificat
632 2161 888 2218 Auroram,
911 2162 1008 2219 vel,
1042 2171 1095 2206 ut
1122 2162 1336 2223 quidam,
1364 2167 1692 2214 Leucotheam.
1718 2187 1739 2208 »

487 2237 627 2294 Quod
638 2252 784 2297 genus
805 2238 952 2281 Idoeis
977 2235 1040 2301 (v.
1060 2236 1189 2302 662).
1214 2239 1454 2287 Diodorus
1487 2243 1689 2301 Siculus,
1717 2259 1847 2300 xvn,
1885 2259 1910 2300 7
1930 2239 2062 2290 εῘδιον
2087 2244 2136 2289 δὲ

418 2336 458 2361 τι
492 2318 563 2362 καὶ
586 2316 815 2377 παράδοξον
842 2322 1055 2378 συμβαίνει
1071 2322 1250 2378 γίνεσθαι
1277 2324 1369 2381 περὶ
1393 2330 1510 2368 τοῦτο
1530 2329 1575 2368 τὸ
1608 2327 1702 2383 ὅρος·
1724 2324 1849 2368 Κατὰ
1871 2324 1946 2382 γὰρ
1970 2326 2039 2370 τὴν
2064 2327 2134 2386 Τυῦ

418 2396 528 2444 κυνὸς
554 2396 738 2442 ἐπιτολὴν
766 2398 829 2437 ἐπ’
853 2397 975 2453 ἄκρας
1003 2403 1073 2446 τῆς
1095 2405 1282 2456 κορυφῆς,
1303 2397 1377 2443 διὰ
1403 2403 1474 2449 τὴν
1497 2403 1685 2460 νηνεμίαν
1705 2407 1775 2445 τοῦ
1797 2402 2046 2458 περιέχοντος
2061 2400 2135 2440 ἀέ-

420 2487 507 2527 ρος,
543 2473 748 2528 ὑπερπετῆ
784 2472 963 2528 γίνεσθαι
989 2473 1059 2519 τὴν
1087 2474 1210 2530 ἄκραν
1238 2482 1309 2524 τῆς
1342 2483 1420 2519 τῶν
1454 2479 1609 2536 ἀνέμων
1637 2482 1768 2527 πνοῆς
1794 2480 1957 2534 ὁρᾶσθαι
1988 2458 2038 2516 ἑὲ
2067 2475 2131 2516 τὸν

418 2547 523 2593 ἥλιον
559 2548 618 2588 ἔτι
641 2553 711 2595 τῆς
732 2549 868 2596 νυκτὸς
892 2548 1007 2597 οὔσης
1034 2549 1305 2592 ἀνατέλλοντα
1334 2552 1407 2601 τὰς
1427 2554 1614 2606 ἀκτῖνας,
1642 2556 1710 2597 οὐκ
1732 2555 1768 2596 ἐν
1792 2552 2019 2607 κυκλοτερεῖ
2041 2551 2135 2605 σχτῖ-

421 2639 522 2680 ματι
545 2624 847 2680 τετραμμένον,
878 2624 981 2667 ἀλλὰ
1010 2626 1081 2672 τὴν
1113 2627 1241 2683 φλόγα
1263 2611 1373 2670 κατὰ
1399 2631 1564 2679 πολλους
1591 2632 1735 2678 τόπους
1762 2630 1904 2684 ἔχοντα
1938 2623 2134 2683 διεσπαρ-

421 2701 561 2756 μένην,
576 2699 694 2742 ὥστε
721 2696 856 2743 δοκεῖν
882 2701 990 2758 πυρὰ
1008 2702 1134 2744 πλείω
1160 2704 1356 2760 θιγγάνειν
1383 2710 1453 2746 τοῦ
1475 2712 1626 2763 τῆςγῆς
1648 2706 1848 2762 ὁρίζοντος·
1874 2707 1978 2745 Μετ’
2005 2704 2130 2760 ὀλίγον

423 2771 470 2817 δὲ
496 2776 714 2833 συνάγεται
736 2782 870 2820 ταῦτα
902 2795 996 2835 προς
1029 2780 1065 2820 ἓν
1092 2779 1275 2837 μέγεθος,
1310 2781 1379 2829 ἕως
1398 2780 1443 2822 ἂν
1467 2783 1632 2838 γένηται
1654 2781 1878 2838 τρίπλεθρον
1905 2775 2130 2836 διάστημα

419 2851 490 2894 καὶ
514 2853 607 2894 τότε
622 2849 727 2906 ,ἤδη
757 2860 827 2903 τῆς
844 2855 994 2912 ημέρας
1010 2856 1353 2908 ἐπιλαβούσης,τὸ
1377 2860 1605 2916 φαινόμενον
1630 2864 1700 2902 τοῦ
1721 2859 1830 2906 ἡλίου
1853 2858 2017 2915 μέγεθος
2035 2863 2129 2904 πλη

422 2929 536 2986 ρωθὲν
561 2930 633 2975 τὴν
662 2935 733 2979 τῆς
754 2932 904 2988 ἡμέρας
929 2928 1106 2974 διάθεσιν
1130 2935 1438 2983 κατασκευάζει.

494 2998 630 3043 Veste
651 2996 715 3062 (v.
746 2998 875 3064 672).
898 3000 1118 3047 Similiter
1137 3002 1386 3064 Virgilius,
1406 3020 1533 3062 vn1,
1558 3006 1653 3066 659
1681 3021 1693 3049 :

605 3115 739 3154 Aurea
755 3115 927 3156 caesaries
945 3116 1030 3156 ollis
1047 3125 1165 3171 atque
1187 3131 1303 3159 aurea
1324 3119 1456 3168 vestis,

425 3249 443 3268 «
463 3230 550 3274 hoc
569 3241 635 3276 est
659 3233 805 3278 barba
817 3268 829 3291 ,
854 3234 978 3280 unde
995 3251 1019 3280 e
1037 3244 1197 3283 contra
1214 3238 1401 3283 investes
1417 3238 1612 3286 dicimus
1627 3241 1859 3286 imberbeS.
1873 3260 1894 3282 n
1910 3242 2126 3287 Sznvms.
