2320 3866
226 299 279 350 (v.
303 299 414 349 ιω.)
663 293 746 337 DE
781 290 1005 335 RERUM
1038 289 1292 334 NATURA
1326 290 1440 334 LIB.
1479 291 1533 333 V.
1838 285 1925 332 165

232 401 516 471 Sanctius,
547 409 599 453 et
626 393 800 451 multo
836 404 983 448 certa
1011 393 1222 448 ratione
1250 395 1441 470 magis,
1467 411 1633 469 quam

227 500 421 576 Pythia
454 517 588 573 quae·
605 491 817 569 tripode
844 511 873 546 e
904 492 1094 548 Phoebi
1111 534 1126 563 ,
1157 491 1422 568 lauroque
1454 491 1728 569 profatur,

157 623 163 627 ·
229 597 409 654 Multa
444 595 542 651 tibi
571 590 851 668 expediam
883 589 1058 647 doctis
1091 590 1282 646 solatia
1312 591 1502 647 dictis:

233 695 538 773 Belligione
562 690 878 747 refraenatus
906 711 976 745 ne
1006 689 1147 745 forte
1178 692 1347 746 rearis

232 799 426 852 Terras
459 806 514 850 et
543 789 742 862 solem,
776 789 1010 862 coelum,
1035 811 1209 858 mare,
1239 789 1445 859 sidera,
1475 787 1695 858 lunam,

229 898 473 970 Corpore
500 890 683 946 divino
717 888 914 944 debere
947 900 1145 943 aeterna
1174 907 1427 958 manere3

229 997 625 1070 proptereaque
651 1000 810 1067 putes
836 989 948 1044 ritu
978 1008 1080 1065 par
1109 1007 1222 1043 esse
1247 987 1530 1064 gigantum
1549 1029 1563 1057 ‚

230 1091 473 1148 Pendere
497 1111 589 1146 eos
617 1109 804 1166 poenas
819 1089 1056 1143 >immani
1090 1099 1201 1164 pro'
1225 1084 1424 1142 scelere
1452 1106 1639 1148 omnes
1658 1128 1673 1156 ,

229 1191 344 1264 Qui
374 1191 586 1245 ratione
620 1210 718 1245 sua
749 1187 1059 1247 disturbent
1082 1187 1283 1242 moenia
1310 1186 1503 1242 mundi
1523 1227 1538 1255 ‚

228 1287 666 1364 Praeclarumque
691 1287 863 1344 velint
889 1285 1012 1343 coeli
1044 1287 1386 1363 restinguere
1419 1284 1587 1341 solem
1604 1326 1618 1355 ‚

231 1385 573 1444 Immortalia
603 1385 822 1442 mortali
857 1406 1107 1442 sermone
1140 1397 1409 1441 notantes,

311 1488 448 1559 Quae
474 1484 670 1564 procul
702 1506 878 1562 usque
907 1485 1042 1541 adeo
1072 1485 1355 1540 divino‘ab
1383 1485 1608 1540 numine
1636 1483 1873 1553 distant,

234 1589 408 1662 Inque
437 1585 617 1642 Defim
651 1605 881 1640 numero
912 1586 988 1640 sic
1017 1596 1143 1640 sunt
1174 1584 1398 1660 indigna
1427 1583 1634 1653 videri,

233 1685 499 1742 Notitiam
526 1684 707 1760 potius
742 1684 983 1759 praebere
1014 1695 1077 1739 ut
1100 1696 1268 1761 ‘posse
1296 1694 1588 1759 putentur,

234 1783 386 1856 Quid
411 1784 483 1838 sit
512 1782 666 1839 vitali
699 1795 855 1838 motu
885 1803 1155 1859 sensuque
1188 1795 1461 1839 remotum
1490 1803 1503 1837 ε

234 1882 458 1960 Quippe
490 1883 691 1938 etenim
718 1894 830 1938 non
861 1895 968 1954 est,
996 1903 1121 1938 cum
1149 1884 1601 1960 quovis-corpore
1626 1896 1689 1938 ut
1716 1903 1830 1938 esse

234 1984 399 2038 Posse
426 1983 594 2038 animi
620 1994 817 2038 natura
847 1995 1073 2060 putetur
1102 1982 1502 2059 consiliumque
1531 2005 1543 2039 :

237 2083 391 2138 Sicut
417 2083 475 2137 in
500 2083 699 2139 aethere
735 2104 851 2139 non
885 2067 1068 2156 arbor,
1095 2095 1197 2140 nec
1225 2086 1280 2140 in
1309 2105 1528 2160 aequore
1553 2083 1693 2138 salso

233 2181 423 2238 Nubes
447 2201 562 2238 esse
590 2195 830 2258 queunt,
858 2204 1043 2260 nequer
1059 2185 1235 2261 pisces
1263 2184 1534 2246 viverein
1564 2183 1737 2252 arviS,

234 2282 350 2339 Nec
375 2301 539 2353 cruor
570 2282 626 2337 in
658 2280 846 2359 lignis,
879 2295 981 2338 nec
1006 2284 1148 2338 saxis
1185 2303 1377 2344 succus
1408 2283 1608 2352 inesse;

237 2383 465 2438 Certum
493 2402 556 2436 ac
585 2381 913 2457 dispositum
943 2395 1023 2438 est
1049 2382 1143 2438 ubi
1171 2380 1439 2458 quidquid
1477 2393 1682 2437 crescat
1716 2393 1770 2436 et
1794 2381 1951 2435 insit:

237 2480 326 2537 Sic
359 2480 529 2535 animi
553 2493 750 2536 natura
782 2483 971 2558 nequit
999 2483 1116 2537 sine
1146 2501 1375 2557 corpore
1406 2481 1541 2535 oriri

237 2578 389 2652 Sola,
421 2601 599 2657 neque
632 2602 663 2637 a
689 2582 871 2638 nervis
904 2594 960 2637 et
990 2582 1254 2659 sanguine
1284 2580 1522 2657 longiter
1557 2600 1671 2635 esse
1697 2602 1709 2634 ε

237 2681 358 2735 Hoc
392 2681 438 2736 si
472 2693 657 2758 posset
685 2683 858 2754 enim,
892 2680 1071 2737 multo
1099 2682 1400 2758 priusipsa
1434 2680 1603 2735 animi
1637 2681 1717 2734 vis

238 2780 305 2834 In
336 2780 543 2856 capite,
571 2794 667 2838 aut
691 2782 960 2853 humeris,
987 2795 1084 2838 aut
1106 2783 1229 2837 imis
1258 2780 1497 2836 calcibus
1530 2800 1645 2835 esse

238 2879 459 2950 Posset,
488 2891 541 2935 et
566 2882 773 2938 innasci
803 2883 993 2959 quavis
1024 2882 1078 2937 in
1116 2892 1272 2959 parte
1307 2879 1537 2951 soleret3

241 2963 487 3032 Tandem
502 2979 559 3033 in
582 2981 772 3037 eodem
792 2983 1046 3054 homine,
1073 2994 1236 3058 atque
1255 2982 1311 3035 in
1339 2979 1529 3035 eodem
1552 3000 1678 3035 vase
1698 2990 1955 3036 maneret.

243 3076 410 3148 Quod
438 3080 696 3153 quoniam
730 3093 916 3138 nostro
947 3103 1167 3158 quoque
1199 3091 1413 3136 constat
1453 3101 1685 3156 corpore
1715 3092 1925 3135 certum
1945 3123 1959 3149 ,

243 3177 696 3253 Dispositumquc
722 3179 958 3253 videtur,
989 3182 1083 3238 ubi
1115 3202 1227 3238 esse
1256 3192 1311 3236 et
1341 3201 1580 3236 crescere
1610 3181 1782 3257 possit

246 3278 503 3333 Seorsum
535 3278 717 3333 anima
742 3291 905 3354 atque
928 3282 1175 3350 animus3
1203 3292 1358 3335 tanto
1385 3281 1557 3357 magis
1581 3279 1963 3349 inficiandum,
