2320 3866
460 250 549 308 276
952 288 959 294 .
1060 233 1544 294 ADNoTA‘rloNEs

453 345 664 390 Ethanc
702 342 1015 401 conjecturam
1039 342 1087 386 in
1124 351 1390 388 contextum
1414 340 1729 402 recipiendam
1766 340 1900 386 duxit
1936 341 2151 403 Fon-hig„

454 420 565 480 quia
600 418 874 467 adverbium
913 433 1109 480 superne
1149 419 1276 463 omni
1318 419 1509 479 Epicuri
1544 417 1768 464 doctrinae
1796 417 2067 462 adversatur
2106 426 2153 462 et

451 497 598 542 verbo
619 494 814 555 simplici
823 493 998 555 fligere
1020 502 1245 553 praeterea
1267 510 1497 554 nusquam
1519 493 1763 540 Lucretius
1791 509 1901 538 usus
1925 502 2006 538 est.

516 570 578 636 (v.
601 587 680 632 97,
695 569 799 634 98).
823 570 1085 631 Epicurus,v
1104 571 1197 630 Ep.
1221 571 1289 614 ad
1315 572 1483 616 Herod.
1497 604 1512 626 ,
1543 575 1567 628 5
1593 571 1650 625 43
1682 586 1692 614 ε
1717 576 1768 618 Αἱ
1796 576 1892 633 μὲν,
1918 576 1968 624 εἰς
1994 575 2149 633 μακρὰν

453 657 525 698 ἀπ’
557 656 731 702 ἀλλήλων
757 652 1002 697 &taram-cat·
1027 654 1069 695 αἱ
1095 650 1162 706 δὲ,
1186 654 1303 696 αὐτὸν
1333 654 1399 695 τὸν
1435 655 1593 711 παλμὸν
1626 654 1823 709 ἴσχουσιν,
1847 653 1955 694 ὅταν
1979 654 2149 707 τύχωσιν

452 730 518 773 ἐπὶ
541 732 611 778 τὴν
635 732 875 788 περιπλοκὴν
911 730 1162 787 κεκλιμέναι,
1182 732 1208 778 ἢ
1243 731 1532 787 στεγαζόμεναι
1562 729 1675 786 παρὰ
1697 735 1774 771 τῶν
1802 734 2038 771 πλεκτικῶν.

514 798 576 863 (v.
614 798 744 862 124).
773 802 843 844 De
869 799 1215 844 constructione
1248 800 1380 843 verbi
1403 800 1609 843 animum
1644 801 1880 844 advertere
1908 814 2014 842 cum
2036 797 2149 843 sim-

446 876 558 935 plici
597 876 857 921 accusativo
886 876 993 920 vide
1036 877 1264 921 Conrnm
1296 877 1356 921 ad
1392 876 1599 932 Sallust.‚
1631 877 1762 937 lug„
1795 876 1888 935 935
1924 876 2151 920 Onmmn.

449 951 509 996 ad
533 954 665 1009 Caes„
688 954 745 996 B.
775 953 865 1006 G„
890 968 931 1007 1,
962 958 1043 1008 24;
1066 954 1227 996 DAv1s.
1245 961 1290 996 et
1312 954 1487 996 Banu.
1513 952 1574 996 ad
1601 951 1693 996 Cic.
1709 986 1723 1010 ,
1753 953 1909 1006 Tusa,
1932 964 1985 1008 v,
2010 951 2084 995 23.

455 1058 460 1065 .
514 1029 666 1071 Parvo
697 1038 803 1071 sunt
829 1029 1077 1071 conciliatu
1105 1025 1165 1089 (v.
1197 1026 1327 1089 133).
1352 1029 1389 1072 Ι.
1423 1044 1463 1072 e.
1494 1043 1756 1086 paucorum
1778 1027 2152 1087 primordiorum

448 1116 699 1163 congressu
719 1110 828 1146 sunt
853 1111 1082 1147 concreta.
1107 1102 1229 1147 Vide
1256 1102 1318 1146 ad
1348 1118 1392 1160 1,
1428 1102 1516 1148 183
1532 1136 1545 1159 ,
1580 1102 1685 1157 184.
1715 1116 1718 1118 ’

511 1178 714 1221 Reddita
744 1174 806 1239 (v.
835 1172 959 1240 141).
986 1177 1108 1222 Vide
1131 1177 1192 1221 ad
1213 1193 1257 1220 v.
1284 1177 1361 1231 64.

511 1252 765 1314 Liquidclc...
790 1253 975 1298 vocibus
999 1250 1061 1316 (v.
1099 1251 1228 1317 145).
1262 1253 1481 1299 Similiter
1503 1254 1665 1299 Horat.
1681 1274 1710 1310 ‚·
1732 1255 1817 1299 od.
1853 1270 1869 1298 1
1888 1289 1900 1311 ,
1937 1261 2019 1312 24,
2046 1255 2072 1299 3
2101 1270 2111 1298 :

938 1400 1221 1412 .........
1242 1370 1318 1411 Cui
1340 1370 1529 1423 liquidam
1554 1378 1667 1424 pater

731 1443 879 1480 Vocem
897 1453 987 1480 cum
1005 1439 1157 1481 cithara
1180 1439 1303 1481 dedit.

443 1557 503 1602 Et
528 1555 684 1618 Virg.,
716 1558 879 1618 Georg.
896 1591 911 1612 ,
939 1574 981 1615 1,
1011 1564 1102 1612 410
1126 1575 1139 1602 t

614 1676 715 1713 Tum
736 1673 904 1727 liquidas
925 1674 1031 1715 corvi
1053 1687 1186 1728 presso
1203 1684 1264 1716 ter
1286 1682 1440 1728 gutture
1465 1687 1576 1714 voces

616 1746 698 1784 Aut
716 1752 853 1798 quater
870 1744 1124 1797 ingeminant.

515 1861 772 1908 Convescire
797 1859 859 1925 (v.
895 1859 1018 1925 147).
1045 1863 1176 1924 Virg.
1191 1896 1205 1920 ,
1227 1862 1409 1906 AEneid.
1427 1894 1443 1916 ‚
1470 1876 1522 1905 vx
1537 1895 1550 1918 ‚
1574 1860 1668 1915 640
1695 1876 1706 1904 :

614 1986 775 2040 Largior
796 1986 864 2028 hic
882 2000 1040 2041 campos
1057 1987 1180 2028 aether
1200 1994 1240 2027 et
1258 1986 1407 2026 lumine
1427 1984 1538 2026 vestit

611 2057 829 2109 Purpureo.

505 2166 567 2233 (v.
604 2170 716 2229 154,
755 2169 880 2236 155.)
915 2191 934 2212 «
956 2171 1141 2218 Semina
1173 2186 1276 2231 quae
1309 2184 1509 2230 corpora
1545 2183 1673 2226 rara,
1707 2168 1861 2229 qualia
1893 2177 2014 2214 sunt·
2028 2169 2150 2215 radii

438 2247 573 2306 solis,
603 2248 914 2306 constituunt,
949 2248 1040 2294 cita
1074 2247 1297 2304 dissilire,
1331 2255 1377 2291 et
1406 2247 1545 2307 longe
1578 2260 1818 2290 recursare
1854 2246 2013 2291 asserit
2043 2248 2147 2290 Lu-

439 2323 633 2382 cretiu53
660 2325 831 2369 horum
850 2341 965 2370 vero
983 2323 1305 2370 dissilientium
1319 2325 1554 2384 longeque
1575 2322 1912 2366 recursantium
1932 2338 2146 2367 commu-

436 2414 545 2443 nem
578 2410 758 2445 motum
785 2400 1039 2444 tardiorem
1081 2401 1185 2444 fore
1208 2399 1314 2459 quis
1343 2415 1442 2444 non
1474 2398 1704 2459 percipit,
1732 2397 1936 2458 ideoque
1976 2398 2147 2444 semina

436 2474 560 2520 inter
582 2491 629 2520 se
655 2477 861 2521 retrahi?
883 2496 903 2516 »
927 2477 1139 2520 Cli-enen.
1793 2528 1795 2531 r

503 2553 781 2613 Pervolgant
804 2550 866 2615 (v.
900 2549 1033 2614 163).
1058 2553 1094 2596 I.
1124 2566 1164 2596 e.
1191 2550 1509 2611 perfundunt,
1535 2539 1788 2611 complent3
1813 2550 2146 2612 significatione

435 2627 570 2671 verbi
601 2616 836 2686 Enniana,
868 2644 916 2688 p.
957 2627 1079 2686 286,
1104 2629 1292 2681 Hessel,
1325 2642 1418 2687 qua
1454 2627 1577 2672 redit
1612 2627 1740 2687 apud
1783 2629 2032 2686 Nostrum,
2071 2645 2113 2673 11
2132 2663 2144 2686 ,

438 2702 529 2757 346
546 2737 560 2760 ,
584 2711 630 2749 et
660 2720 725 2762 ιν,
754 2719 873 2765 209,
905 2713 951 2749 et
982 2703 1228 2764 usurpavit
1257 2703 1395 2748 etiam
1416 2705 1584 2749 Pacuv.
1607 2704 1841 2763 apaeVarr.
1859 2739 1872 2762 ,
1902 2706 1955 2749 L.
1983 2707 2037 2750 L.
2067 2720 2143 2761 v1‚

437 2778 464 2824 5
481 2813 494 2836 ‚
556 2795 696 2839 quem
744 2781 880 2826 affert
900 2780 1123 2835 Turneb.
1174 2780 1316 2823 Advv.
1360 2794 1494 2823 mu
1512 2813 1526 2836 ,
1584 2778 1640 2823 16
1658 2813 1671 2836 ,
1705 2779 1855 2824 nostri
1902 2780 1996 2825 loci
2043 2796 2141 2826 non

435 2855 621 2901 oblitus.
1267 2898 1270 2900 ,

500 2924 561 2995 (v.
593 2932 682 2987 164
711 2931 833 2997 sqq.)
856 2933 1107 2979 «Profecto
1128 2929 1257 2981 fenim
1276 2931 1509 2992 principia
1531 2948 1629 2976 non
1657 2940 1838 2977 matura
1869 2932 2024 2994 aliqua
2051 2933 2137 2978 de-

431 3007 708 3054 liberatione
736 3010 894 3055 habita
929 3009 1107 3054 tardius
1145 3016 1335 3053 movent
1349 3043 1363 3066 ,
1399 3024 1485 3053 nec
1527 3009 1770 3054 consilium
1800 3009 1964 3054 ineunt
2000 3005 2055 3053 ut
2092 3024 2139 3054 se

432 3098 634 3144 suosque
661 3095 816 3131 motus
837 3094 1000 3148 regant
1023 3094 1069 3131 et
1100 3085 1363 3145 disponant.
1387 3104 1408 3125 »
1433 3086 1646 3130 Cauca.

502 3161 761 3223 Tantopere
786 3161 1004 3206 humanis
1029 3161 1278 3206 rationibus
1299 3176 1357 3205 ac
1387 3162 1639 3205 moderatis
1674 3158 1736 3224 (v.
1764 3159 1888 3225 169).
1913 3163 1950 3206 I.
1977 3175 2015 3205 e.
2040 3168 2136 3204 tam

433 3237 727 3298 compositis,
759 3253 955 3300 quaeque
994 3238 1206 3283 humanae
1238 3237 1499 3298 prudentiae
1534 3246 1629 3283 tam
1671 3237 1839 3283 similes
1881 3244 2000 3282 sunt.
2045 3235 2140 3280 Alii
