2320 3866
236 261 422 316 (noas.)
661 262 744 306 DE
778 259 1003 305 RERUM
1036 258 1295 303 NATURA
1320 260 1446 304 LIB.
1487 260 1564 303 vl.
1853 256 1939 303 231

313 368 454 422 Tum
485 385 649 448 porro
676 363 826 419 venti
858 380 1113 437 magnam
1140 382 1357 438 quoque
1383 361 1576 418 tollere
1608 371 1819 437 partem

235 465 492 520 Humoris
523 473 750 540 possunt
779 472 1056 516 verrentes
1090 480 1313 536 aequora
1342 461 1501 538 ponti
1534 481 1547 515 ε

164 590 170 595 ·
233 566 358 621 Una
388 574 547 619 nocte
578 563 690 617 vias
718 560 982 635 quoniam
1015 565 1254 637 Persaepe
1282 559 1526 616 videmus

233 662 458 733 Siccari,
488 658 773 736 mollisque
806 657 907 713 luti
933 679 1284 715 concrescere
1315 670 1537 719 crustas,

310 763 606 830 Praeterea,
635 751 798 812 docui
826 756 1064 814 multum
1092 766 1317 834 quoque'
1343 756 1533 812 tollere
1559 756 1732 811 nubes

231 861 528 915 Humorem
553 877 752 934 magno
781 869 1108 933 conceptum
1128 876 1195 911 ex
1221 875 1439 932 aequore
1476 855 1656 931 ponti,

226 960 296 1013 Et
327 958 524 1034 passim
554 968 669 1012 toto
702 967 970 1011 terrarum
1001 975 1256 1033 spargere
1284 955 1341 1010 in
1375 954 1537 1026 orbe,

226 1055 412 1128 Quum
443 1055 584 1133 pluit
613 1057 670 1112 in
701 1057 888 1128 terris,
920 1068 975 1112 et
1007 1056 1158 1112 venti
1190 1053 1379 1111 nubila
1412 1065 1652 1131 portant.

299 1158 605 1229 Postrem0,
637 1157 898 1234 quoniam
929 1177 1056 1212 raro
1082 1177 1207 1212 cum
1240 1175 1470 1232 corpore
1499 1153 1660 1210 tellus

221 1258 340 1325 Est,
370 1268 424 1312 et
454 1257 770 1333 conjunctas
799 1277 921 1313 oras
955 1257 1121 1312 maris
1154 1254 1396 1332 undique
1422 1255 1620 1332 cingit,

221 1355 427 1428 Debet,
457 1368 519 1412 ut
546 1357 604 1412 in
636 1377 786 1413 mare
818 1356 886 1412 de
917 1357 1075 1412 terris
1108 1355 1261 1412 venit
1290 1356 1490 1411 humor
1517 1355 1708 1431 aquai,

221 1457 287 1510 In
322 1467 492 1512 terras
524 1456 715 1512 itidem
744 1477 968 1513 manare
1001 1439 1066 1513 ex
1094 1476 1314 1533 aequore
1345 1453 1515 1527 salso;

220 1553 539 1611 Percolatur
572 1557 716 1612 enim
747 1558 921 1628 viruS,
956 1569 1214 1632 retroque
1248 1567 1499 1611 remanat

219 1655 474 1710 Materies
500 1655 773 1727 humoriS,
798 1668 852 1711 et
883 1656 951 1711 ad
983 1667 1149 1733 caput
1176 1655 1430 1710 amnibus
1458 1654 1638 1709 omnis

219 1753 488 1827 Confluit3
517 1754 645 1812 inde
674 1776 840 1832 super
872 1767 1045 1811 terras
1078 1755 1221 1811 redit
1250 1756 1468 1832 agmine
1504 1753 1678 1826 dulci,

217 1853 343 1925 Qua
371 1854 458 1909 via
491 1866 638 1911 secta
662 1854 827 1911 semel
863 1854 1074 1932 liquido
1108 1855 1246 1932 pede
1277 1854 1472 1910 detulit
1505 1854 1697 1910 undas.

298 1954 462 2010 Nunc
491 1955 633 2011 ratio
668 1976 790 2032 quae
823 1956 915 2026 sit,
946 1976 1045 2033 per
1069 1955 1251 2011 fauces
1287 1955 1491 2011 montis
1525 1966 1585 2009 ut
1617 1957 1791 2010 AEtnae

213 2054 505 2130 Exspirent
534 2055 689 2132 ignes
720 2054 997 2111 interdum
1026 2056 1248 2111 turbine
1279 2066 1458 2127 tantO,
1530 2060 1532 2062 ’

215 2152 520 2228 Expediam
554 2174 566 2208 :
602 2175 780 2230 neque
806 2156 954 2210 enim
985 2154 1163 2210 media
1190 2153 1256 2209 de
1283 2152 1438 2208 clade
1469 2164 1657 2208 coorta

217 2250 472 2308 Flammae
498 2264 818 2331 tempestaS,
852 2253 1100 2310 Siculum
1126 2252 1407 2308 dominata
1431 2258 1530 2329 per
1556 2273 1749 2330 agrOS,

224 2352 487 2408 Finitimis
517 2352 588 2409 ad
622 2374 678 2409 se
714 2353 984 2409 convertit
1017 2353 1270 2431 gentibus
1306 2374 1431 2426 ora,

217 2452 447 2509 Fumida
473 2474 647 2530 quum
679 2452 799 2509 coeli
827 2452 1128 2510 scintillare
1153 2454 1341 2509 omnia
1372 2451 1577 2530 templa

216 2553 515 2610 Cernentes
534 2595 549 2625 ,
583 2553 782 2631 pavida
808 2552 1161 2632 complebant
1190 2566 1415 2631 pectora
1442 2573 1599 2627 cura,

216 2652 368 2725 Quid
398 2652 688 2711 moliretur
712 2675 898 2711 rerum
931 2655 1147 2712 Natura
1177 2675 1466 2711 novarum.

296 2753 458 2809 Hisce
489 2754 589 2811 tibi
622 2755 784 2812 rebus
814 2754 930 2812 late·
948 2768 1029 2812 est
1058 2755 1275 2833 alteque
1310 2754 1607 2810 videndum
1626 2797 1641 2826 ‚

215 2853 287 2906 Et
312 2848 474 2930 longe
500 2867 723 2912 cunctas
754 2857 812 2911 in
843 2868 1025 2933 partes
1056 2855 1490 2934 dispiciendum,

216 2951 293 3006 Ut
321 2953 680 3011 reminiscaris
710 2976 980 3013 summam
1008 2978 1195 3013 rerum
1224 2976 1339 3012 esse
1367 2953 1702 3032 profundam
1721 2998 1736 3026 ‚

215 3053 285 3107 Et
313 3050 494 3108 videas
524 3052 721 3111 coelum
752 3058 986 3113 summai
1018 3059 1186 3114 totius
1214 3076 1387 3112 unum

214 3151 400 3224 Quam
431 3153 502 3208 sit
534 3153 763 3230 parvula
787 3178 941 3234 pars,
972 3170 1028 3215 et
1057 3178 1224 3235 quam
1258 3155 1570 3244 multesima
1604 3167 1845 3227 constet,

216 3253 285 3307 Et
311 3263 479 3328 quota
508 3273 634 3330 pars
664 3253 830 3311 homo
860 3259 1025 3315 terrai
1055 3259 1125 3315 sit
1160 3257 1326 3314 totius
1357 3277 1517 3313 unus.
