2300 3926
181 249 235 301 (v.
256 250 365 301 710.)
605 250 686 294 DE
718 247 941 293 RERUM
977 246 1224 291 NATURA
1258 247 1369 290 LIB.
1405 247 1463 290 11.
1817 241 1877 287 63

182 353 325 411 Nam
360 372 457 409 sua
482 353 701 426 cuique,
733 349 867 407 cibis
901 368 969 404 ex
994 349 1276 419 omnibus,
1313 350 1462 404 intus
1497 349 1565 404 in
1586 358 1735 402 artus

184 452 430 528 Corpora
458 449 764 520 discedunt,
800 468 1153 525 connexaque
1185 450 1570 506 convenientes

186 545 443 607 Efficiunt
472 561 653 606 motus
689 570 704 604 ε
736 561 792 604 at
824 561 1018 606 contra
1050 548 1227 605 aliena
1261 549 1508 605 videmus

169 651 432 726 'Rejicere
464 649 522 704 in
558 660 728 703 terras
754 650 1027 705 Naturam
1063 669 1076 709 ς
1112 648 1394 724 multaque
1427 647 1583 703 caecis

190 748 524 824 Corporibus
550 746 768 824 fugiunt
793 767 823 802 e
857 768 1086 824 corpore
1119 749 1327 824 percita
1360 745 1558 822 plagis,

191 848 331 919 Quae
361 865 536 922 neque
569 835 820 902 connecti
852 847 1108 922 cuiquam
1134 857 1392 921 potuere,
1421 862 1600 918 neque
1623 842 1768 908 intra

195 943 401 1001 Vitales
433 956 616 1001 motus
645 946 955 1004 consentire
979 954 1145 1021 atque
1178 943 1425 998 animari.
1551 942 1553 944 ’

271 1044 377 1100 Sed
404 1064 472 1099 ne
497 1043 640 1106 forte
670 1056 827 1121 putes
863 1042 1123 1106 animalia
1152 1042 1273 1101 >sola
1309 1042 1485 1098 teneri

195 1143 432 1220 Legibus
462 1143 571 1215 his,
605 1145 794 1202 eadem
821 1144 962 1199 ratio
989 1163 1076 1200 res
1104 1142 1367 1199 terminat
1393 1161 1599 1198 omnes,

196 1242 363 1314 Nam,
391 1239 563 1299 veluti
594 1253 718 1306 tota
741 1240 1255 1300 naturadissimiles
1292 1253 1421 1298 sunt

196 1342 350 1395 Inter
384 1361 441 1395 se
472 1342 665 1419 genitae
685 1361 772 1398 res
796 1343 1153 1418 quaeque‚,ita
1183 1347 1459 1417 qnamque
1491 1359 1710 1396 necesse
1743 1351 1823 1395 est

198 1437 466 1494 Dissimili
501 1452 752 1497 constare
781 1440 960 1518 figura
994 1441 1421 1517 principiorum:
1526 1440 1529 1442 ’

199 1538 327 1594 Non
362 1538 511 1614 quod
546 1538 719 1595 multa
744 1560 938 1615 parum
969 1538 1133 1595 simili
1161 1539 1272 1594 sin't
1304 1536 1532 1614 praedita
1558 1536 1760 1608 forma,
1809 1575 1812 1578 ,

201 1635 309 1692 Sed
334 1637 464 1711 quia
494 1657 608 1692 non
640 1635 804 1713 volgo
837 1638 991 1714 paria
1022 1637 1278 1693 omnibus
1311 1637 1494 1691 omnia
1530 1647 1781 1691 constent

200 1734 417 1791 Semina
443 1755 614 1810 quum
637 1756 805 1811 porro
832 1735 1057 1808 distent,
1094 1735 1313 1796 differre
1345 1741 1562 1791 necesse
1589 1748 1671 1791 est
1697 1757 1699 1759 ’

199 1831 519 1905 Intervalla,
555 1834 691 1907 viaS,
717 1852 1021 1908 connexus»,
1049 1831 1326 1912 pondera,
1362 1834 1548 1913 plagas
1558 1878 1574 1908 ,

196 1933 539 2011 Concursum
574 1946 756 1991 motus
789 1955 802 1991 ε
835 1952 967 2011 quae'
987 1947 1109 1993 non
1133 1934 1391 1992 animalia
1422 1934 1604 1992 solum

205 2033 453 2109 Corpora
480 2034 801 2111 sejungunt,
831 2021 927 2091 sed
958 2040 1132 2095 terras
1164 2056 1227 2092 ac
1258 2052 1407 2092 mare
1438 2047 1616 2091 totum

205 2132 530 2203 Secemnnt,
560 2132 868 2210 coelumque
896 2156 928 2191 a
952 2120 1118 2197 ‘terris
1143 2143 1310 2215 omne
1338 2137 1628 2190 retentant.

283 2230 446 2286 Nunc
473 2251 597 2307 age,
626 2231 773 2288 dicta
801 2253 924 2288 meo
955 2231 1101 2287 dulci
1122 2233 1370 2308 ‘quaesita'
1387 2223 1572 2288 labore

207 2329 439 2405 Percipe
463 2350 475 2384 :
509 2350 577 2385 ne
603 2330 742 2386 forte
770 2331 883 2387 haec
912 2330 1048 2387 albis
1076 2352 1142 2387 ex
1161 2330 1292 2390 ,alba
1321 2331 1497 2386 rearis

206 2427 492 2504 Principiis
521 2449 661 2499 esse,
692 2442 819 2485 ante
849 2428 1035 2485 oculos
1065 2450 1186 2504 quae
1216 2429 1447 2487 candida
1475 2432 1676 2500 cernis;

207 2528 318 2583 Aut
348 2547 412 2582 ea
439 2548 560 2604 quae
589 2528 810 2605 nigrant
838 2529 998 2605 nigro
1029 2528 1095 2584 de
1127 2530 1333 2586 semine
1364 2541 1523 2600 nata3

209 2625 393 2697 Neve,
422 2625 589 2682 alium
620 2628 865 2703 quemvis
895 2648 1015 2704 quae
1045 2639 1175 2711 sunt
1203 2628 1398 2685 induta
1428 2629 1696 2685 colorem:

210 2726 504 2800 Propterea
533 2746 720 2803 gerere
748 2727 899 2782 hunc
932 2727 1147 2798 credas,
1178 2728 1329 2803 quod
1362 2730 1607 2784 materiai

214 2824 459 2899 Corpora
485 2824 754 2881 consimili
783 2827 890 2882 sint
917 2826 1033 2902 ejus
1063 2827 1237 2886 tincta
1266 2826 1462 2883 colore.

214 2919 414 2977 Nullus
441 2925 586 2979 enim
616 2923 767 3001 color
794 2938 876 2982 est
904 2927 1126 2984 omnino
1149 2928 1397 2984 materiai

220 3020 580 3097 CorporihuS‚
611 3044 787 3100 neque
816 3045 915 3102 par
938 3027 1130 3098 rebus,
1161 3047 1338 3103 neque
1368 3027 1602 3103 denique
1633 3028 1829 3104 dispar.

254 3153 256 3155 -
298 3122 363 3174 In
395 3139 513 3194 quae
542 3141 771 3197 corpora
801 3126 844 3179 si
875 3124 1061 3181 nullus
1088 3127 1188 3182 tibi
1223 3124 1361 3181 sorte
1394 3126 1612 3182 videtur

220 3221 383 3274 Posse
412 3219 579 3273 animi
610 3219 839 3295 injectus
864 3223 1007 3296 fieri,
1036 3223 1225 3301 procul
1257 3225 1408 3279 avius
1432 3245 1595 3281 erras,
