2320 3866
441 244 530 289 282
1045 247 1528 292 ADNOTATIONES

506 341 691 384 Protelo
719 337 780 403 (v.
809 337 933 403 531).
966 359 985 380 «
1000 340 1231 387 P-mtelum
1254 325 1444 402 proprie
1474 352 1541 387 est
1571 351 1706 387 tenor
1731 343 1807 388 ille
1837 343 1965 389 ducti
1998 348 2135 392 aratri

436 431 522 475 per
544 418 707 461 sulcos.
730 418 895 476 Itaque
924 418 1159 476 protelum
1187 418 1273 462 erit
1305 418 1575 464 continuata
1607 419 1728 464 actio
1750 428 1797 464 et
1818 427 2036 477 ἄπαυστος,
2051 441 2071 462 »

1859 496 2034 542 Fumi.

502 570 820 629 Anguimanos
849 566 919 631 (ν.
949 567 1075 634 537).
1117 569 1300 628 Quibus
1328 585 1492 616 manus
1520 579 1587 616 est
1625 569 1815 629 tortilis,
1849 569 2131 633 flexilisque,

436 645 659 705 serpentis
685 645 734 689 in
758 661 947 690 morem.

510 723 753 783 Turbaque
775 724 931 767 aliena
963 720 1025 785 (v.
1055 720 1181 786 550).
1212 723 1434 786 Intelligit
1458 734 1662 783 atomos,
1690 741 1793 785 quae
1815 725 1875 769 ad
1905 725 2132 770 constitu—

435 798 609 843 tionem
632 798 828 843 aliorum
853 815 1074 860 generum
1102 800 1367 845 necessariae
1397 809 1517 846 sunt.

509 877 685 921 Tonsas
712 873 774 939 (v.
804 873 931 939 554).
964 878 1151 922 Remos.
1175 876 1250 922 Sic
1267 876 1457 939 Virgil.‚
1487 879 1695 934 AEneid.‚
1729 894 1824 936 vu,
1850 879 1910 924 28
1942 894 1953 921 :

608 1055 731 1065 .....
754 1028 877 1065 Lento
898 1026 1095 1066 luctantur
1113 1038 1306 1065 marmore
1325 1033 1475 1067 tom--

499 1167 724 1225 Aplustra
748 1162 810 1229 (v.
836 1163 970 1227 555).
1001 1165 1205 1210 Navium
1235 1175 1505 1211 ornamenta
1540 1166 1590 1211 in
1613 1182 1768 1227 prora.
1796 1168 1916 1214 Vide
1943 1170 2133 1214 Fns'rum

433 1243 518 1287 sub
553 1243 638 1287 hac
668 1258 797 1287 voce.

500 1316 561 1382 (v.
597 1316 725 1382 571.)
754 1321 863 1363 Vox
897 1318 1135 1375 auctificus
1169 1326 1337 1377 praeter
1366 1318 1491 1362 hunc
1525 1318 1678 1378 ipsum
1720 1320 1876 1364 locum
1908 1336 2135 1381 nusquam

431 1411 654 1455 apparere
681 1395 891 1453 videtur3
913 1395 1060 1439 verbo
1083 1394 1349 1452 auctificat-e
1376 1406 1490 1438 vero
1505 1393 1744 1439 Arnobius
1759 1395 2004 1455 aliquoties
2027 1414 2136 1443 usus

431 1481 510 1516 est.
651 1462 657 1467 ⁵

505 1549 552 1591 V
544 1565 663 1609 agor
681 1546 742 1611 (v.
764 1546 1012 1611 576).Vox
1036 1556 1103 1592 est
1132 1547 1366 1602 Enniana,
1397 1545 1616 1607 idemque
1633 1546 1860 1609 significat
1890 1549 2022 1609 quod
2043 1565 2134 1594 va-

429 1635 562 1685 gnus.
1632 1624 1641 1635 ⁸

495 1702 605 1747 Sola
633 1713 765 1747 terroe
789 1699 851 1765 (v.
871 1699 998 1765 592).
1032 1702 1251 1747 Formula
1274 1717 1333 1746 ex
1353 1702 1507 1748 Ennio
1537 1702 1698 1763 petita.
1715 1701 1835 1747 Vide
1862 1701 1924 1746 ad
1958 1719 1997 1759 1,
2029 1703 2134 1748 213.
2174 1761 2177 1762 ⁷

494 1779 690 1823 Fluidas
726 1777 788 1842 (v.
814 1775 942 1841 596).
971 1779 1007 1822 I.
1041 1793 1079 1822 e.
1110 1778 1293 1835 molles,
1324 1771 1507 1823 teneras
1522 1814 1546 1836 ‚.
1562 1781 1710 1823 vento'
1737 1776 1870 1822 facile
1895 1777 2103 1823 mobiles.

500 1856 663 1900 Gallos
688 1852 750 1918 (v.
787 1852 915 1917 614).
949 1855 985 1899 Ι.
1018 1870 1057 1899 e.
1089 1853 1216 1898 viros
1246 1863 1469 1899 exsectos.

505 1933 690 1976 Tonant
705 1931 883 1991 palmis
918 1927 979 1993 (v.
1009 1927 1146 1993 618).
1177 1932 1215 1975 Ι.
1246 1945 1285 1974 e.
1311 1938 1478 1975 sonant
1508 1931 1690 1990 pulsata
1719 1930 1896 1989 palmis.

498 2008 701 2068 Phrygio
732 2023 920 2052 numero
943 2004 1005 2070 (v.
1037 2004 1166 2069 620).
1199 2007 1458 2069 «Phrygius
1489 2023 1708 2052 numerus
1722 2042 1734 2064 ,
1758 2007 2108 2053 enthusiasticus
2124 2045 2136 2065 ‚

428 2092 475 2128 et
506 2084 567 2129 ad
587 2084 795 2129 furorem
811 2083 1108 2128 excitandum
1122 2082 1321 2127 maxime
1342 2083 1556 2128 idoneus.
1573 2104 1592 2124 »
1622 2084 1833 2127 Cnnsscn.

492 2162 802 2221 Proeportant
827 2158 889 2223 (v,
925 2157 1054 2222 621).
1085 2162 1195 2203 Vox
1225 2159 1396 2216 rarior,
1427 2175 1531 2219 quae
1556 2159 1727 2220 legitur
1751 2159 1800 2202 111
1827 2159 1947 2216 Cic.,
1977 2162 2133 2211 Aras„

427 2253 547 2298 209,
586 2238 678 2292 434
696 2272 709 2295 ,
740 2246 787 2282 et
814 2237 943 2296 apud
964 2237 1156 2293 Catull.‚
1182 2252 1308 2293 wa,
1338 2242 1441 2297 194.

492 2323 553 2388 (v.
577 2322 707 2387 624.)
727 2344 746 2365 «
762 2327 818 2369 In
843 2324 1192 2369 constructione
1211 2323 1352 2382 hujus
1374 2338 1535 2368 versus
1551 2322 1864 2380 offendentes,
1881 2338 1984 2382 quae
2003 2321 2067 2367 sic
2088 2338 2134 2367 se

427 2401 565 2445 habet
599 2418 609 2445 :
645 2403 766 2454 tela,
799 2416 905 2460 quoe
919 2401 1109 2459 possint
1142 2410 1264 2444 metu
1289 2410 1543 2444 conterrere
1566 2399 1751 2443 numine
1785 2396 1829 2461 (i
1863 2414 1901 2443 e.
1940 2406 2135 2457 propter

423 2474 630 2539 numen)
657 2477 803 2530 dc'voe,
821 2475 994 2520 amicus
1017 2476 1211 2535 quidam
1238 2477 1433 2521 Haverc.
1466 2475 1588 2534 conj.
1612 2476 1839 2529 numinis,
1863 2474 1999 2519 Wak.
2021 2490 2134 2518 vero

424 2563 570 2598 metus
592 2554 733 2614 quei,
758 2551 1048 2597 nominativo
1079 2551 1286 2611 pluralis.
1318 2551 1411 2596 Sed
1439 2551 1489 2595 111
1503 2550 1724 2596 Lucretio
1752 2550 2035 2594 constructio
2058 2550 2133 2594 illa

422 2632 564 2691 paulo
595 2629 866 2690 impeditior
894 2629 1166 2689 scrupulum
1187 2643 1375 2673 movere
1400 2643 1499 2672 11011
1518 2636 1689 2687 potest.
1706 2627 1938 2671 »Fonmm

487 2718 700 2778 Ningum
727 2713 788 2780 (v.
815 2713 944 2778 627).
972 2716 1166 2760 Sensum
1188 2714 1442 2766 Lambinus
1474 2714 1539 2759 sic
1569 2712 1785 2773 exposuit
1817 2728 1828 2756 τ
1852 2721 2028 2756 tantam
2048 2727 2131 2757 ro—

421 2809 574 2838 sarum
602 2793 787 2853 copiam
822 2792 1074 2838 effundunt
1101 2801 1241 2852 atque
1268 2800 1541 2853 aspergunt,
1567 2799 1622 2834 ut
1650 2790 1843 2851 ningere
1873 2789 2132 2834 videantur.

420 2870 566 2916 Simili
593 2870 868 2930 metaphora
905 2868 1033 2929 apud
1070 2868 1286 2925 Pindar.‚
1324 2867 1518 2922 Isthm„
1559 2883 1654 2925 vu,
1693 2867 1745 2924 6,
1773 2868 1933 2911 Danae
1966 2865 2135 2910 dicitur

423 2947 549 3006 apud
571 2963 617 2992 se
642 2949 668 2992 J
672 2963 806 2992 ovem
832 2946 1040 3006 recipere
1071 2960 1187 2990 auro
1211 2944 1480 3006 ningentem
1506 2959 1516 2988 :

891 3116 893 3119 “
947 3101 1095 3161 Χρυσῷ
1127 3107 1380 3162 μεσονύκτιον

883 3215 889 3221 .
948 3183 1132 3239 Νίφοντα.
1159 3178 1367 3240 δεξαμένα

952 3260 1026 3300 Τὸν
1064 3260 1253 3315 φέρτατον
1287 3262 1395 3300 θεῶν.

2308 3851 2320 3866 :³
2309 3794 2320 3841 *95
2310 3730 2320 3789 -0.—.-.·2
2312 3664 2320 3723 -ι-
