2320 3866
422 263 507 309 19²
987 247 1038 309 Τ
1077 246 1368 292 LUCRETII
1404 246 1542 291 CARI
1923 244 2105 297 (ἣρω.)

418 354 523 407 Res
551 350 627 407 sic
651 367 877 425 quaeque
910 368 1006 404 suo
1039 350 1149 405 ritu
1179 348 1448 426 procedit,
1480 361 1534 404 et
1564 367 1752 402 omnes

419 449 639 506 Foedere
668 450 890 505 Naturae
916 459 1062 503 certo
1089 448 1397 503 discrimina
1425 458 1656 503 servant.

490 552 557 605 Et
591 568 755 625 genus
784 548 1086 603 humanum
1115 545 1284 602 multo
1314 546 1416 602 fuit
1447 545 1581 602 illud
1612 547 1669 601 in
1698 547 1838 601 arvis

413 648 644 719 Durius,
675 659 736 702 ut
765 646 945 702 decuit
963 689 979 715 ‚
1013 645 1170 702 tellus
1200 645 1348 722 quod
1377 646 1515 702 dura
1542 658 1774 701 creasset
1804 667 1816 700 :
2317 652 2320 768 Ι

412 749 485 802 Et
510 747 803 823 majoribus
822 788 838 818 ,
872 758 924 802 et
956 745 1140 802 solidis
1167 747 1336 823 magis
1367 745 1578 801 ossibus
1609 746 1755 800 intus
2316 769 2320 844 l

412 846 751 917 Fundatum‚
781 859 835 902 et
864 845 1054 902 validis
1081 858 1269 923 aptum
1298 866 1395 922 per
1421 846 1626 902 viscera
1655 845 1855 915 nervis;

412 948 529 1003 Nec
559 946 711 1003 facile
737 967 801 1002 ex
827 959 986 1019 aestu,
1019 967 1117 1001 nec
1146 945 1346 1023 frigore
1373 945 1519 1021 quod
1552 956 1848 1021 caperetur,

413 1046 528 1101 Nec
556 1046 796 1100 novitate
825 1045 930 1099 cibi
948 1086 963 1114 ‚
997 1064 1097 1099 nec
1119 1042 1229 1098 labi
1257 1045 1499 1118 corporis
1529 1042 1642 1099 ulla
1669 1065 1681 1099 :

415 1141 698 1217 Multaque
733 1162 833 1218 per
864 1141 1058 1196 coelum
1090 1140 1215 1196 solis
1248 1139 1520 1195 volventia
1542 1138 1715 1196 lustra

411 1239 716 1317 Volgivago
748 1241 913 1296 vitam
945 1239 1252 1295 tractabant
1279 1259 1431 1294 more
1460 1239 1715 1294 ferarum.

412 1340 527 1396 Nec
554 1339 810 1395 robustus
841 1350 957 1394 erat
981 1339 1135 1395 curvi
1159 1337 1469 1394 moderator
1499 1338 1668 1393 aratri

414 1439 720 1514 Quisquam
737 1482 752 1511 ‚
785 1459 883 1495 nec
908 1438 1078 1494 scibat
1105 1437 1249 1493 ferro
1276 1436 1517 1492 molirier
1549 1455 1700 1508 arva,
1844 1511 1848 1515 .

411 1539 528 1594 Nec
555 1558 697 1593 nova
721 1536 974 1593 defodere
1003 1539 1061 1592 in
1093 1550 1297 1593 terram
1325 1535 1591 1614 virgulta,
1619 1555 1719 1590 nec
1749 1532 1870 1590 altis

413 1636 715 1692 Arboribus
744 1649 947 1692 veteres
977 1635 1225 1709 decidere
1249 1634 1463 1691 falcibu'
1494 1654 1674 1690 ramos
1703 1655 1716 1689 z

418 1734 581 1807 Quod
613 1735 730 1808 sol,
762 1748 924 1810 atque
955 1736 1155 1791 imbres
1187 1735 1471 1807 dederant,
1505 1733 1653 1811 quod
1682 1746 1826 1789 terra
1853 1746 2062 1791 crearat

416 1837 620 1911 Sponte
646 1855 770 1907 sua,
802 1836 929 1890 satis
962 1835 1019 1890 id
1050 1833 1299 1912 placabat
1323 1846 1544 1911 pectora
1569 1833 1774 1889 donum
1808 1855 1820 1888 :

415 1933 762 1990 Glandiferas
792 1935 934 1990 in'ter
961 1935 1227 1990 curabant
1258 1953 1488 2010 corpora
1512 1953 1742 2009 quercus

413 2031 763 2108 Plerumque3
794 2045 848 2088 et
876 2053 996 2109 quae
1024 2055 1172 2089 nunc
1205 2034 1436 2089 hiberno
1469 2045 1712 2109 tempore
1741 2033 1915 2088 cernis

413 2131 624 2187 Arbuta
647 2131 896 2186 Poeniceo
920 2131 1035 2186 fieri
1062 2144 1276 2188 matura
1301 2130 1508 2203 colore,

414 2228 658 2284 Plurima
694 2241 810 2285 tum
842 2228 1002 2286 tellus
1030 2231 1191 2288 etiam
1221 2231 1426 2307 majora
1453 2230 1663 2287 ferebat
1695 2251 1708 2286 τ

413 2327 700 2404 Multaque
730 2341 991 2404 praeterea
1015 2331 1227 2386 novitas
1258 2343 1373 2386 tum
1409 2329 1600 2386 florida
1623 2330 1813 2386 mundi

413 2426 618 2482 Pabula
647 2427 736 2481 dia
768 2427 926 2498 tulit,
958 2430 1165 2485 miseris
1192 2429 1513 2487 mortalibus
1549 2429 1744 2508 ampla.
1770 2468 1773 2471 <

492 2528 566 2582 At
589 2525 774 2581 sedare
800 2528 946 2582 sitim
976 2527 1127 2583 fluvii
1157 2528 1443 2605 fontesque
1472 2529 1790 2598 vocabant37
1852 2556 1854 2559 ·

414 2624 494 2678 Ut
524 2644 671 2679 nunc
691 2625 970 2681 montibus
998 2646 1028 2681 e
1061 2628 1269 2702 magnis
1300 2627 1559 2684 decursus
1588 2628 1750 2704 aquai

415 2720 697 2779 Claricitat
723 2722 830 2779 late
859 2726 1096 2782 sitientia
1128 2725 1280 2782 saecla
1305 2726 1560 2783 ferarum.

415 2823 668 2899 Denique
696 2826 970 2902 noctivagi
997 2824 1273 2902 sylvestria
1306 2825 1507 2903 templa
1538 2827 1795 2883 tenebant

414 2921 820 2998 Nympharum,
854 2925 1050 3000 quibus
1076 2925 1292 2980 exibant
1316 2925 1544 2981 humore
1576 2926 1777 2982 fluenta

418 3019 681 3093 Lubrica,
714 3022 961 3098 proluvie
991 3022 1140 3102 larga
1165 3023 1344 3080 lavere
1373 3024 1596 3081 humida
1622 3046 1776 3097 saxa,

415 3118 661 3174 Humida
685 3141 809 3176 saxa
831 3142 994 3199 super
1025 3122 1182 3179 viridi
1215 3122 1475 3180 stillantia
1500 3145 1712 3197 musc0‚

415 3218 483 3271 Et
514 3219 710 3294 partim
738 3218 900 3296 plano
932 3234 1133 3279 scatere
1161 3236 1322 3301 atque
1347 3245 1630 3302 erumpere
1658 3244 1865 3300 campo.
