2320 3866
845 262 912 315 IN
942 254 1326 309 LUCRETIUM.
1846 285 1935 327 277

235 357 396 419 legunt
421 374 433 403 :
457 376 477 398 α
502 356 714 402 humanis
735 354 995 409 rationibus
1018 354 1339 415 admoderate,
1364 377 1384 398 »
1407 358 1436 402 i.
1470 373 1508 402 e.
1543 365 1596 402 ut
1619 358 1832 418 humanae
1854 378 1936 407 ra-

234 432 386 478 tiones
408 434 660 494 postulant.

299 511 394 554 Res
411 525 506 572 perf
533 507 718 554 Vener-ets·
743 502 805 568 (v.
845 505 933 562 173
948 503 985 569 ).
1011 508 1078 553 Ut
1108 524 1177 566 11,
1205 509 1320 567 437,
1353 517 1400 554 et
1427 524 1479 569 v,
1504 509 1613 565 846.
1647 510 1836 555 Veneris
1863 527 1935 556 res

191 572 196 577 ’
231 593 389 631 autem
411 600 607 646 prorsus
631 579 848 642 exprimit
871 583 1140 628 Graecorum
1166 592 1221 634 τὰ
1251 588 1481 649 ἀφροδίσια.

295 662 507 707 Reddere
542 658 624 724 (v.
639 654 763 720 179).
794 658 830 701 Ι.
855 672 895 702 e.
926 661 1282 719 &wocltdo'vmrob
1308 661 1470 706 oculos
1495 676 1697 721 ponere,
1730 661 1932 708 demon-

229 746 404 796 strare,
431 736 687 784 ostendere.

291 815 542 859 Mer-simus
571 809 634 875 (v.
663 807 788 872 197).
811 790 1002 856 Rectius
1024 795 1208 856 Wakef.
1237 808 1387 856 edidit
1408 812 1619 856 ursimus.

290 891 407 935 Plus
449 897 500 934 ut
519 896 665 949 parte
708 885 857 945 foras
891 884 953 950 (v.
994 883 1121 949 200).
1154 888 1226 930 Ita
1264 894 1318 931 ut
1358 887 1463 945 plus
1491 887 1644 932 media
1687 888 1757 933 sui
1797 898 1931 949 parte

224 973 472 1027 emergant.

287 1038 350 1104 (v.
376 1040 468 1086 216
491 1037 615 1104 sqq.)
638 1039 868 1100 Epicurus
894 1039 1009 1084 duas
1037 1038 1210 1100 species
1231 1047 1386 1085 motus
1408 1040 1632 1085 naturalis
1669 1041 1930 1098 constituit,

219 1118 355 1163 aliam
392 1117 454 1162 ad
479 1116 897 1178 perpendiculum,
925 1116 1064 1160 aliam
1094 1116 1156 1161 ad
1185 1116 1544 1162 declinationem
1573 1134 1595 1161 :*
1611 1116 1829 1181 Ἐπίκουρος
1858 1121 1929 1167 δύο

219 1197 309 1248 εἴδη
344 1207 416 1250 τῆς
434 1195 648 1253 κινήσεώς,
677 1201 723 1242 τὸ
763 1199 872 1242 κατὰ
903 1199 1106 1256 στάθμην,
1133 1198 1202 1242 καὶ
1231 1201 1276 1242 τὸ
1312 1200 1422 1242 κατὰ
1449 1202 1721 1257 παρέγκλισιν.
1754 1196 1928 1251 PLUT·‚

215 1271 278 1315 de
300 1272 435 1315 Plac.
454 1269 582 1330 phil.
595 1302 612 1324 ,
644 1285 686 1327 1,
726 1269 802 1314 23.
842 1269 1042 1313 «Censet
1076 1266 1349 1332 (Epicurus)
1371 1269 1550 1319 ¹eadem
1578 1268 1655 1313 illa
1684 1269 1928 1315 individua

215 1355 264 1392 et
293 1346 444 1392 solida
472 1360 677 1405 corpora
704 1344 817 1390 ferri
853 1359 940 1395 suo
973 1344 1196 1390 deorsum
1225 1345 1438 1404 pondere
1471 1345 1533 1391 ad
1556 1345 1724 1390 lineam
1759 1362 1770 1390 :
1801 1346 1927 1391 hunc

213 1425 472 1469 naturalem
496 1438 592 1468 esse
615 1421 824 1467 omnium
855 1436 1111 1481 corporum
1135 1430 1331 1466 motum.
1361 1421 1544 1466 Deinde
1574 1422 1751 1466 ibidem
1782 1422 1926 1467 homo

214 1508 405 1557 acutus,
436 1514 584 1560 quum
622 1497 741 1543 illud
780 1506 1074 1554 occurreret,
1111 1497 1149 1542 si
1179 1497 1334 1542 omnia
1357 1497 1578 1542 deorsum
1606 1497 1800 1558 regione
1827 1498 1925 1543 fer-

211 1585 391 1634 rentur,
413 1585 481 1635 et,
505 1584 560 1620 ut
580 1574 700 1632 dixi‘,
723 1574 785 1620 ad
805 1574 994 1631 lineam,
1023 1588 1265 1633 nunquam
1288 1573 1390 1617 fore
1404 1581 1458 1616 ut
1481 1581 1661 1617 atomus
1684 1574 1828 1618 altera
1851 1575 1922 1618 al—

211 1662 359 1698 teram
381 1661 546 1713 posset
563 1651 814 1713 attingere,
850 1651 1009 1711 itaque
1039 1650 1193 1695 attulit
1221 1665 1322 1695 rem
1350 1649 1717 1695 commentitiam.
1746 1650 1924 1695 :decli—

208 1745 322 1776 nare
348 1729 470 1775 dixit
489 1737 699 1773 atomum
726 1729 1023 1788 perpaullum
1051 1743 1062 1771 ε
1090 1743 1186 1788 quo
1202 1726 1318 1792 nihil
1345 1735 1504 1787 posset
1527 1725 1630 1772 fieri
1658 1727 1825 1772 minus.
1850 1729 1922 1773 Ita

208 1805 332 1851 effici
363 1805 707 1866 complexiones
746 1813 792 1850 et
819 1805 1143 1865 copulationes
1172 1814 1219 1850 et
1254 1804 1622 1850 adhaesitationes
1654 1813 1920 1849 atomorum

206 1883 329 1929 inter
370 1898 442 1942 se;
474 1898 536 1945 ex!
575 1897 672 1943 quo
690 1885 694 1888 ’
711 1880 977 1928 efficeretur
1011 1881 1215 1927 mundus
1254 1896 1509 1941 omnesque
1540 1888 1696 1941 partes
1732 1881 1919 1939 mundi,

206 1975 405 2021 quaeque
426 1959 478 2004 in
500 1975 558 2005 eo
585 1967 748 2005 essent.
774 1979 793 2000 ›‚
816 1959 944 2017 C1cz,
964 1959 1025 2003 de
1055 1959 1158 2003 Fin.
1173 1991 1191 2013 ,
1223 1973 1267 2016 1,
1297 1957 1341 2003 6.
1927 1958 1932 1966 ’

271 2037 452 2082 Nomen
468 2033 531 2100 (v.
560 2033 688 2099 220).
709 2034 804 2081 Alii
818 2037 980 2098 leg-unt
994 2035 1230 2080 minimum
1245 2050 1264 2088 ,-
1278 2042 1324 2079 et
1344 2034 1416 2079 his
1440 2049 1529 2096 ego
1545 2033 1737 2094 quidem
1760 2049 1920 2093 assen—

205 2112 301 2158 tior
323 2129 335 2158 t
358 2129 468 2159 nam
489 2128 649 2159 versus
673 2119 767 2168 244
781 2128 894 2157 mox
916 2128 1114 2173 sequens
1135 2119 1182 2158 et
1203 2112 1301 2156 duo
1325 2110 1563 2156 Ciceronis
1578 2111 1745 2155 locide
1766 2113 1884 2156 Fato
1900 2145 1916 2168 ,

206 2205 245 2234 c.
294 2204 353 2235 10
385 2198 432 2235 et
477 2204 539 2234 2o
574 2186 682 2252 (cur
714 2189 919 2233 declinet
958 2197 1142 2232 atomus
1184 2203 1274 2232 uno
1316 2188 1532 2241 minimo,
1584 2202 1677 2231 non
1723 2188 1920 2233 declinet

204 2266 381 2310 duobus
410 2275 495 2310 aut
511 2265 650 2310 tribus
666 2262 744 2328 P),
773 2266 875 2309 luce
901 2263 1069 2308 clarius
1098 2263 1446 2321 demonstrant,
1472 2263 1548 2307 hic
1573 2278 1671 2307 non
1695 2262 1754 2309 de
1783 2273 1917 2309 motu

202 2343 279 2387 vel
297 2342 501 2402 impulsu
526 2350 708 2387 mutato
742 2342 790 2386 in
816 2341 1108 2399 universum,
1134 2341 1220 2386 sed'
1243 2349 1424 2386 tantum
1447 2341 1506 2385 de
1537 2340 1774 2386 minimum
1803 2358 1914 2387 mu—

202 2426 302 2464 tato
326 2418 421 2464 dici
453 2418 674 2479 potuisse.

273 2495 488 2554 Quietum
518 2492 580 2558 (v.
615 2492 747 2558 238).
773 2496 810 2540 Ι.
834 2510 873 2540 e.
899 2493 1032 2555 quod
1054 2493 1170 2538 nulli
1186 2493 1368 2538 resistit.

271 2571 459 2617 Clitzare
489 2569 788 2635 (v.243).1.
825 2586 863 2616 e.
889 2586 936 2615 se
971 2569 1219 2627 inclinare,
1243 2569 1303 2614 de
1338 2579 1464 2615 recta
1498 2570 1619 2614 linea
1648 2567 1911 2616 deflectere.

201 2646 295 2692 Alii
322 2648 484 2710 legunt
510 2649 748 2693 inclinare.

266 2724 514 2771 Dec-linare
540 2721 602 2788 (v.
636 2721 763 2787 250).
796 2724 914 2768 Cum
950 2737 1101 2767 accus.
1132 2721 1327 2781 objecti,
1358 2737 1497 2782 quem
1528 2722 1720 2778 dicunt,
1759 2721 1913 2766 statim

200 2798 326 2844 redit
355 2814 400 2844 v.
439 2800 547 2861 259.
579 2801 648 2846 Cf.
688 2803 860 2858 Vno„
893 2798 1105 2854 AEneid.,
1151 2815 1225 2857 lv,
1261 2798 1377 2857 185,
1414 2806 1460 2842 et
1498 2799 1630 2855 C1c.,
1667 2799 1728 2842 de
1760 2799 1908 2853 Fato,

201 2892 241 2921 c.
278 2890 358 2920 20.
1647 2897 1650 2901 1

268 2948 330 3015 (v.
357 2948 446 2995 251
474 2949 596 3015 sqq.)
621 2953 883 3013 «Epicurus
908 2951 1218 2999 declinatione
1248 2950 1391 2995 atomi
1421 2950 1561 2995 vitari
1592 2949 1674 2994 fati
1703 2949 1909 2994 necessi-

199 3036 343 3074 tatem
363 3034 498 3087 putat
501 3060 576 3072 .....
596 3028 729 3073 Hanc
756 3029 984 3075 rationem
1006 3027 1194 3073 induxit
1224 3027 1410 3072 obeam
1433 3042 1553 3083 rem,
1579 3025 1712 3086 quod
1733 3024 1909 3071 veritus

198 3113 268 3151 est
282 3139 297 3163 ,
327 3119 412 3162 ne,
433 3103 471 3148 si
492 3118 674 3163 semper
702 3113 883 3151 atomus
906 3106 1129 3168 gravitate
1151 3104 1352 3150 ferretur
1373 3103 1574 3148 naturali
1604 3118 1657 3147 ac
1692 3116 1910 3147 necessa-

199 3181 293 3240 ria,
328 3179 444 3226 nihil
472 3179 670 3225 liberum
705 3181 841 3227 nobis
873 3190 1016 3241 esset,
1048 3196 1194 3242 quum
1221 3179 1284 3224 ita
1321 3188 1589 3224 moveretur
1619 3178 1822 3236 animus,
1854 3186 1909 3223 ut

201 3265 464 3302 atomorum
487 3263 620 3300 motu
644 3265 902 3319 cogeretur.
928 3277 947 3298 »
979 3258 1078 3303 Cxc.
1094 3290 1107 3315 ‚
1133 3256 1191 3299 cle
1215 3256 1360 3310 Fato,
1395 3269 1466 3299 10.
