2340 3926
239 266 292 315 (v.
312 268 428 319 ω.)
675 268 756 311 DE
788 266 1018 310 RERUM
1045 264 1296 308 NATURA
1331 265 1443 308 ΠΒ.
1482 267 1515 308 1.
1893 262 1946 307 15
2003 236 2013 244 κ

244 373 526 429 Insinuare
554 389 742 426 omnes
768 380 822 422 et
855 387 1045 421 verum
1079 367 1394 442 protrahere
1428 366 1569 421 inde.

166 476 170 477 ⁷
248 473 416 546 Quod
438 471 483 527 si
508 469 737 546 pigraris
763 465 1055 543 paulumve
1084 465 1404 521 abscesseris
1432 465 1499 520 ab
1531 484 1613 545 re,

245 574 371 626 Hoc.
390 569 486 624 tibi
513 567 580 622 de
610 565 775 644 plano
806 586 1028 642 possum
1062 565 1379 642 promittere
1400 607 1415 634 ,
1446 563 1673 619 Memmi
1708 583 1719 615 :

192 659 197 664 ”
244 671 429 744 Usque
456 666 590 721 adeo
622 664 801 743 largos
832 666 1059 720 haustus
1079 708 1094 734 ,
1122 664 1188 719 de
1215 662 1443 719 fontibu'
1473 663 1681 739 magnis
1701 704 1715 733 7

243 769 455 842 Lingua
487 785 610 820 meo
646 765 823 819 suavis
857 763 956 819 diti
990 763 1055 819 de
1089 776 1306 839 pectore
1335 761 1551 833 fundet,

240 868 318 921 Ut
347 884 639 938 verear-ne
656 864 822 918 vtarda
849 864 1000 938 prius
1031 883 1129 938 per
1158 862 1403 917 membra
1431 872 1677 916 senectus

243 966 436 1039 Serpat
452 1006 466 1034 ‚
495 975 550 1018 et
576 963 632 1017 in
660 963 818 1018 nobis
844 963 977 1017 vitai
1005 961 1238 1035 claustra
1260 959 1525 1030 resolvat,

240 1063 424 1134 Quam
450 1062 552 1116 tibi
583 1060 649 1136 de
680 1063 867 1138 quavis
898 1082 1009 1116 una
1040 1081 1100 1125 re
1131 1059 1375 1115 versibus
1409 1060 1586 1114 omnis

239 1163 706 1237 Argumentorum
739 1162 808 1216 sit
841 1161 996 1238 copia
1029 1161 1191 1215 missa
1224 1180 1322 1235 per
1356 1179 1530 1217 aureS.

321 1259 428 1315 Sed
453 1280 600 1315 nunc
627 1261 741 1335 jam
776 1271 1019 1335 repetam
1055 1270 1294 1335 coeptum
1327 1270 1607 1333 pertexere
1634 1255 1809 1311 dictis.

244 1359 466 1428 OmniS‚
498 1370 561 1413 ut
589 1370 699 1430 est,
734 1359 902 1434 igitur
934 1378 1031 1433 per
1064 1379 1120 1413 se
1148 1369 1346 1412 natura
1379 1356 1587 1411 duabus

243 1458 504 1513 Consistit
535 1458 729 1527 rebus'3
762 1478 890 1512 nam
919 1477 1151 1532 corpora
1184 1466 1342 1527 sunt,
1378 1468 1432 1510 et
1465 1457 1659 1524 inane,

241 1558 367 1610 Haec
397 1557 454 1611 in
487 1576 597 1632 quo
629 1557 730 1611 sita
757 1568 883 1611 sunt
907 1568 959 1610 ct
990 1576 1098 1630 qua
1130 1556 1339 1610 diversa
1365 1561 1671 1609 moventur.

243 1655 458 1729 Corpus
489 1655 635 1708 enim
663 1675 761 1729 per
793 1675 848 1708 se
881 1654 1187 1709 communis
1220 1652 1580 1707 dedicatesse
1643 1685 1646 1688 ·

243 1753 443 1807 Sensus
475 1772 489 1807 :
526 1772 635 1827 quo
667 1753 770 1806 nisi
804 1738 982 1828 prima
1013 1751 1144 1807 fides
1177 1751 1403 1806 fundata
1437 1749 1665 1820 valebit,

242 1849 403 1906 Haud
436 1850 539 1906 erit
571 1849 795 1906 occultis
823 1851 890 1905 de
919 1851 1078 1906 rebus
1106 1872 1215 1927 quo
1241 1851 1533 1906 referentes
1551 1892 1566 1922 ,

242 1947 582 2007 Confirmare
615 1951 785 2006 animi
818 1949 1116 2027 quidquam
1143 1951 1360 2006 ratione
1393 1969 1672 2026 queamus.

242 2050 383 2103 Tum
410 2069 575 2124 porro
604 2049 783 2120 locus,
814 2072 876 2107 ac
907 2052 1142 2127 spatium
1174 2050 1320 2126 quod
1354 2052 1517 2105 inane
1550 2069 1805 2105 vocamus

243 2147 299 2200 Si
330 2146 546 2203 nullum
578 2149 750 2219 foret,
781 2149 931 2204 haud
962 2170 1191 2225 usquam
1224 2151 1325 2216 sjta
1358 2168 1589 2223 corpora
1621 2159 1838 2223 possent

242 2249 371 2300 Esse
391 2290 406 2317 ,
441 2267 618 2322 neque
644 2249 870 2302 omnino
904 2267 1176 2323 quaquam
1211 2247 1422 2301 diversa
1451 2265 1632 2301 meare
1660 2267 1672 2299 ε

243 2343 307 2398 Id
342 2344 491 2419 quod
521 2345 632 2419 jam
668 2365 863 2421 supera
898 2346 995 2400 tibi
1026 2344 1190 2420 paulo
1223 2342 1555 2405 ostendimus
1589 2354 1731 2398 ante.

319 2444 583 2500 Praeterea
617 2443 752 2499 nihil
789 2455 867 2499 est
901 2442 1047 2518 quod
1079 2443 1251 2518 possis
1284 2441 1464 2496 dicere
1495 2441 1561 2495 ab
1595 2441 1747 2497 omni

244 2543 489 2617 Corpore
520 2544 853 2619 sejunctum,
886 2553 1260 2617 secretumque
1290 2561 1404 2595 esse
1436 2540 1518 2606 abv
1538 2541 1716 2612 inani;

246 2640 410 2711 Quod
436 2643 589 2717 quasi
623 2643 781 2697 tertia
815 2642 884 2696 sit
913 2661 1142 2707 numero
1178 2650 1374 2695 natura
1408 2651 1639 2714 reperta.

245 2740 387 2795 Nam
421 2740 784 2817 quodcunque
817 2741 944 2811 erit,
978 2761 1091 2796 6556
1124 2738 1330 2815 aliquid
1366 2737 1583 2792 debebit
1615 2737 1671 2792 id
1706 2739 1952 2847 ipsumy

249 2839 511 2913 Augmine
540 2838 624 2894 vel
658 2839 880 2916 grandi,
913 2838 999 2894 vel
1034 2859 1204 2915 parvo
1233 2837 1492 2912 denique,
1528 2835 1658 2891 dum
1691 2838 1790 2907 sit3

249 2936 347 2990 Cui
382 2938 427 2991 si
458 2947 628 2993 tactus
648 2940 789 3009 derit,
825 2939 1071 3014 quamvis
1106 2936 1237 2992 levis
1269 2937 1603 3012 exiguusque
1624 2979 1639 3006 ⁷

242 3036 551 3110 Corporum
584 3037 801 3113 augebit
833 3057 1123 3092 numerum
1155 3054 1529 3110 summamque
1559 3045 1839 3109 sequetur3

235 3133 339 3188 ‘Sin
374 3131 613 3188 intactile
646 3136 778 3205 erit,
812 3135 962 3191 nulla
990 3137 1056 3191 de
1089 3147 1242 3212 parte
1275 3133 1421 3209 quod
1453 3132 1619 3188 ullam

244 3232 379 3286 Rem
415 3231 702 3306 prohibere
734 3246 894 3306 queat
929 3255 1025 3310 per
1058 3256 1111 3290 sc
1144 3234 1372 3289 transire
1408 3244 1705 3303 meantem3
