2320 3866
403 257 490 309 284
1006 252 1487 300 ADNOTATIONES

399 358 475 400 ὅσα
505 357 544 408 ἐξ
575 356 748 414 ἀνάγκης
774 355 982 412 σχήματος
1010 361 1167 412 συμφυῆ
1198 357 1295 398 ἐστι·
1327 356 1490 403 ποιότης
1517 353 1590 410 γὰρ
1621 354 1740 394 πᾶσα
1770 353 2094 409 μεταβάλλει,αἱ

401 430 450 475 δὲ
467 434 627 490 ἄτομοι,
657 428 769 474 οὐδὲν
801 432 1136 489 μεταβάλλουσιν.
1167 426 1365 469 EPICUR.
1400 425 1468 468 ad
1480 423 1718 476 Herodot·‚
1742 425 1767 478 5
1791 419 1865 475 54.

465 503 630 548 Animi
650 502 842 559 injectus
858 499 920 564 (v.
941 498 1068 564 739).
1087 503 1292 546 Venuste
1316 498 1568 544 admodum
1584 499 1700 543 :Res
1713 497 2021 556 percipiendae
2037 497 2095 541 ab

397 578 552 625 anim'o
578 579 797 624 videntur
818 586 1031 635 remotae,
1054 577 1103 621 in
1131 592 1205 621 eas
1231 591 1326 621 sese
1361 575 1509 634 injicit
1530 591 1657 620 mens
1687 582 1732 619 et
1756 583 1958 634 arreptas
1982 590 2095 634 per-

396 655 520 716 cipit.

460 730 523 795 (v.
539 729 665 795 747).
684 731 918 788 Quoniam
939 730 1139 791 probavi
1162 729 1333 775 semina
1345 728 1513 774 coloris
1529 729 1734 789 expertia
1742 727 1921 788 percipi
1933 741 2070 787 posse
2079 749 2096 784 ·,

392 823 519 852 nunc
545 807 727 856 docebo
757 823 913 853 rerum
933 806 1163 867 principia
1187 802 1326 850 nullis
1343 799 1584 850 ‘coloribus
1605 820 1700 850 esse
1722 804 1878 849 tincta.

469 885 750 943 Vc'ncofieri.
775 885 851 931 Sic
882 887 1068 942 Horat.,
1095 884 1192 928 Sat.
1225 899 1287 940 11,
1319 883 1368 939 3,
1396 880 1488 927 225
1518 899 1529 926 :
1807 884 1809 886 ’

568 998 702 1039 Vincit
721 999 827 1039 enim
845 1000 978 1040 stultos
996 997 1097 1039 ratio
1114 997 1283 1038 insanire
1301 1005 1447 1051 poetas.

462 1104 522 1168 (v.
558 1105 686 1169 766.)
727 1108 895 1152 Sensus
932 1116 1000 1152 est
1041 1123 1052 1150 :
1084 1121 1236 1162 mare,
1265 1105 1415 1150 ventis
1456 1106 2040 1167 agitatum'spumansque,
2071 1122 2095 1151 e

392 1181 593 1226 caeruleis
622 1180 841 1227 fluctibus
862 1191 1069 1227 mutatur
1096 1181 1145 1226 in
1172 1196 1333 1238 canos,
1357 1181 1514 1237 albos,
1543 1180 1760 1225 candenti
1787 1180 2004 1227 marmori
2032 1182 2095 1227 si·-

391 1257 619 1320 millimos.

462 1335 665 1396 Unoeque
674 1335 851 1396 figuroe
867 1332 927 1398 (v.
961 1331 1095 1398 778).
1120 1333 1311 1379 Plurimi
1340 1333 1448 1379 libri
1479 1333 1699 1379 exhibent
1725 1349 1906 1393 unaque
1926 1333 2095 1393 figura.

458 1410 519 1475 (V·
547 1410 676 1476 794.)
701 1411 736 1461 ὁ
766 1411 980 1477 Ἐπίκουρος
1017 1421 1052 1461 ἐν
1089 1415 1147 1474 τῷ
1171 1414 1346 1476 δευτέρῳ
1369 1424 1446 1460 τῶν
1480 1419 1575 1475 πρὸς
1595 1404 1871 1475 Θεόφραστον,
1905 1419 1973 1477 οὐιι
1997 1410 2096 1458 εἷναι

390 1497 514 1554 λέγων
539 1496 592 1538 τὰ
607 1496 807 1554 χρώματα
831 1501 989 1553 συμφυῆ
1011 1498 1093 1544 τοῖς
1119 1495 1323 1553 σώμασιν,
1350 1494 1453 1537 ἀλλὰ
1474 1497 1690 1552 γεννᾶσθαι
1719 1493 1828 1536 κατὰ
1856 1494 1974 1541 ποιάς
1987 1509 2097 1540 τινας

394 1573 524 1623 τάξεις
556 1573 625 1615 καὶ
661 1575 785 1623 θέσεις
814 1575 909 1631 πρὸς
935 1575 1004 1620 τὴν
1035 1573 1140 1626 ὄψιν,
1182 1575 1224 1615 οὐ
1253 1575 1398 1630 μᾶλλον
1434 1570 1531 1629 φησὶ
1567 1571 1677 1614 κατὰ
1707 1576 1844 1614 τοῦτον
1882 1571 1948 1612 τὸν
1981 1570 2094 1626 λόγον

396 1651 703 1707 ἀχρωμάτιστον
740 1656 860 1707 σῶμα
891 1645 1003 1703 εἶναι,
1034 1652 1059 1698 ἢ
1085 1656 1229 1707 χρῶμα
1263 1651 1364 1705 ἔχον.
1386 1641 1579 1705 Ᾱνωτέρω
1610 1644 1658 1690 δὲ
1689 1647 1798 1690 κατὰ
1826 1645 1926 1696 λέξιν
1964 1650 2097 1687 ταῦτα

393 1727 599 1783 γέγραφεν·
617 1741 637 1756 ‘¹
650 1726 751 1768 ἀλλὰ
765 1725 835 1768 καὶ
856 1725 973 1783 χωρὶς
994 1727 1134 1768 τούτου
1149 1731 1218 1768 τοῦ
1236 1727 1395 1783 μέρους,
1421 1726 1490 1768 οὐκ
1507 1720 1602 1767 οἶδα
1618 1725 1724 1772 ὅπως
1746 1719 1813 1765 δεῖ
1834 1722 1887 1765 τὰ
1910 1724 1947 1764 ἐν
1966 1722 2098 1774 σκᾴτει

397 1802 494 1844 ὄντα
526 1808 651 1858 φῆσαι
675 1802 875 1859 χρώματα
901 1803 1052 1857 ἔχειν.»
1079 1797 1354 1840 PLurAncn.
1386 1796 1489 1839 adv.
1521 1794 1751 1846 Colotem‚
1786 1808 1828 1849 7.

459 1871 521 1934 (v.
547 1869 675 1935 801.)
699 1891 719 1912 «
736 1872 904 1917 Cervix
932 1883 978 1921 τὸ
1004 1880 1116 1935 παχὺ
1140 1880 1186 1917 et
1200 1879 1254 1921 τὰ
1287 1879 1466 1930 ὄπισθεν,
1490 1870 1664 1914 collum
1684 1877 1730 1918 τὸ
1746 1874 1946 1932 προμήκεις
1975 1874 2021 1911 et
2042 1872 2096 1914 τὰ

394 1956 611 2012 ἔμπροσθεν
639 1947 928 2010 significabit.
954 1969 973 1990 υ
1001 1950 1177 1993 FABER.

460 2025 830 2069 For-mamentum
857 2021 923 2087 (v.
949 2022 1084 2087 818).
1109 2026 1288 2069 Vocem
1301 2022 1604 2079 rarissimam,
1620 2036 1644 2065 e
1677 2019 1898 2065 Lucretio
1920 2032 2098 2063 assum-

392 2100 500 2145 sisse
529 2100 792 2146 Arnohium
816 2116 900 2157 111,
921 2106 972 2160 Ρ.
1007 2116 1121 2161 109,
1137 2099 1322 2145 Wakef.
1353 2097 1507 2143 docet.

461 2177 580 2222 Aliis
603 2176 778 2220 rebus...
803 2176 1012 2237 notisque
1034 2172 1096 2238 (v.
1122 2171 1251 2237 840).
1281 2174 1318 2219 Ι.
1352 2189 1390 2218 e.
1416 2173 1515 2219 aliis
1542 2171 1683 2218 rebus
1704 2171 1910 2232 propriis
1940 2172 2015 2216 vel
2037 2180 2103 2216 at-

392 2250 602 2310 tributis,
630 2251 823 2312 aliisque
848 2248 995 2308 notis,
1026 2250 1169 2313 signis
1192 2249 1365 2311 quibus
1388 2237 1609 2312 cognosci
1641 2249 1835 2310 possint.

459 2328 621 2373 Sten‘la
654 2326 716 2391 (v.
754 2325 881 2391 844).
907 2328 975 2373 Cf.
1007 2343 1111 2388 quae
1142 2326 1203 2372 ad
1235 2343 1282 2385 1,
1307 2327 1396 2380 341
1433 2325 1647 2370 diximus.

459 2405 706 2465 Liquorem
736 2401 797 2466 (v.
828 2402 956 2466 846).
984 2406 1021 2448 Ι.
1054 2420 1094 2448 e.
1123 2410 1430 2465 unguentum.

460 2478 522 2544 (v.
553 2477 683 2543 859.)
704 2479 779 2525 Sic
805 2480 935 2524 locus
963 2479 1303 2524 construendus
1328 2487 1383 2522 ut
1412 2491 1602 2538 corpore
1632 2492 1761 2537 aeque
1785 2474 2016 2535 pertineat
2040 2473 2102 2518 ad

395 2557 548 2612 molli,
572 2558 724 2617 putri,
748 2572 870 2600 raro.

461 2634 621 2695 Neque
644 2635 697 2678 id
719 2631 968 2691 manifesta
990 2632 1193 2692 refutant
1215 2630 1276 2696 (v.
1313 2629 1448 2695 866).
1479 2629 1706 2677 Solemnis
1736 2627 1929 2688 Epicuri
1954 2627 2101 2687 ratio,

395 2720 436 2760 οὐ
455 2719 634 2777 μάχεται
664 2720 747 2767 τοῖς
761 2719 1006 2775 φαινομένοις
1027 2719 1073 2755 et
1104 2712 1218 2759 οὐδὲν
1239 2723 1318 2758 τῶν
1352 2717 1595 2773 φαινομένων
1620 2715 1772 2762 τούτοις
1803 2713 2098 2774 ἀντιμαρτυρεῖ.

459 2790 696 2832 Putrorem
719 2785 780 2851 (v.
817 2784 945 2851 872).
970 2787 1151 2833 Wakef.
1177 2802 1282 2831 cum
1313 2785 1528 2840 omnibus
1554 2785 1650 2829 fere
1666 2782 1804 2828 codd.
1826 2793 2055 2842 putorem.

458 2866 515 2909 V.
543 2865 635 2921 887
663 2864 949 2922 Priscianus,
978 2879 1055 2922 1v,
1085 2861 1114 2908 5
1131 2897 1145 2921 ,
1173 2867 1197 2920 S
1226 2877 1304 2921 27,
1328 2862 1391 2911 sic
1421 2861 1582 2906 laudat
1613 2877 1624 2905 :

566 2981 625 3018 Ex
643 2977 859 3019 insensibili
880 2991 931 3018 ne
954 2977 1088 3019 credas
1105 2977 1255 3031 singula
1270 2976 1389 3017 nasci.

462 3082 523 3148 (v.
556 3085 688 3150 906.)
715 3105 735 3128 «
748 3088 1078 3148 Supponamus
1094 3086 1275 3132 sensilia
1295 3086 1394 3130 haec
1407 3100 1566 3130 rerum
1580 3082 1811 3144 principia
1821 3117 1833 3140 ,
1850 3097 1953 3142 quae
1967 3082 2099 3126 Plato

397 3168 440 3204 et
461 3162 762 3226 Anaxagoras
791 3172 1076 3222 statuerunt,
1107 3179 1160 3208 ac
1180 3162 1383 3223 proinde
1408 3160 1593 3220 mollia,
1618 3168 1789 3205 aeterna
1815 3173 1911 3203 esse
1935 3171 2070 3217 posse
2085 3191 2097 3213 ,

393 3250 478 3280 nec
500 3236 708 3284 interitui
731 3240 962 3299 obnoxia5
990 3239 1152 3286 haberi
1181 3248 1336 3285 tamen
1367 3236 1548 3284 sensilia
1578 3252 1677 3282 non
1704 3241 1922 3297 possunt,
1946 3246 2097 3301 neque
