2320 3866
666 300 748 344 DE
778 296 1003 342 RERUM
1035 297 1287 342 NATURA
1322 298 1433 343 LIB.
1474 299 1526 341 V.
1838 297 1922 341 161

584 612 951 752 LIBER
1011 667 1571 771 QUINTUS.

217 1249 415 1380 Qms
449 1300 593 1376 potis
623 1312 704 1356 est
732 1299 959 1378 dignum
990 1299 1218 1379 pollenti
1247 1311 1470 1377 pectore
1497 1318 1716 1355 carmen

215 1399 499 1471 Condere,
532 1421 634 1477 pro
661 1422 846 1458 rerum
874 1403 1156 1479 majestate
1186 1403 1380 1478 hisque
1407 1399 1672 1478 repertis?

217 1500 427 1571 Quisve
456 1499 599 1556 valet
627 1502 806 1557 verbis
838 1514 1082 1574 tantum,
1117 1503 1213 1578 qui
1242 1501 1472 1558 fundere
1501 1499 1687 1556 laudes

114 1597 116 1603 ’
211 1601 321 1654 Pro
351 1600 557 1656 meritis
584 1601 699 1677 ejus
726 1602 928 1677 possit,
959 1603 1054 1677 qui
1081 1600 1210 1656 talia
1240 1601 1397 1657 nobis

214 1700 443 1754 Pectore
466 1710 625 1775 parta
657 1720 756 1755 suo
787 1701 1115 1776 quaesitaque
1143 1700 1367 1776 praemia
1396 1697 1592 1776 liquit?

210 1799 421 1867 Nemo,
451 1811 513 1854 ut
544 1800 762 1876 opinor,
791 1800 895 1856 erit
925 1798 1142 1855 mortali
1178 1816 1408 1876 corpore
1436 1811 1615 1855 cretus
1639 1820 1650 1854 ε

209 1897 351 1952 Nam
380 1898 458 1966 si,
492 1909 553 1954 ut
578 1894 697 1976 ipsa
729 1901 866 1977 petit
898 1898 1151 1977 majestas
1182 1901 1401 1977 cognita
1428 1920 1610 1960 rerum
1629 1906 1664 1970 ‚'

210 1997 524 2054 Dicendum
556 2011 639 2055 est
670 2021 683 2055 ε
715 2002 866 2057 Deus
899 1999 988 2056 ille
1019 1999 1149 2071 fuit,
1182 2003 1361 2072 DeuS,
1392 1998 1597 2077 inclyte
1632 2001 1889 2073 Memmi,

207 2097 321 2169 Qui
353 2098 607 2175 princeps
636 2100 759 2155 vitae
785 2097 1055 2156 rationem
1088 2101 1295 2156 invenit
1321 2120 1466 2172 eam,
1497 2120 1617 2175 quae

206 2198 373 2253 Nunc
403 2196 711 2275 appellatur
736 2200 1054 2278 Sapientia,
1091 2202 1296 2276 quique
1324 2220 1424 2276 per
1457 2210 1628 2254 artem

208 2293 491 2354 Fluctibus
515 2317 546 2353 e
578 2298 743 2354 tantis
770 2299 967 2370 vitam,
1002 2300 1275 2375 tantisque
1308 2282 1578 2368 tenebriS,

205 2397 273 2451 In
302 2406 417 2452 tam
452 2396 775 2473 tranquillo,
806 2412 862 2454 et
885 2410 996 2454 tam
1023 2397 1166 2454 clara
1196 2397 1315 2453 luce
1340 2396 1555 2452 locavit.

284 2495 487 2552 Confer
520 2498 666 2552 enim
700 2497 884 2554 divina
911 2497 1142 2553 aliorum
1170 2498 1396 2573 antiqua
1426 2508 1641 2573 reperta
1668 2517 1680 2550 ε

206 2594 460 2671 Namque
493 2597 660 2653 Ceres
687 2596 860 2653 fertur
885 2596 1097 2675 fruges,
1132 2597 1408 2673 Liberque
1435 2595 1664 2672 liquoris

210 2693 451 2769 Vitigeni
479 2694 695 2753 laticem
731 2695 1054 2753 mortalibus
1085 2697 1412 2766 instituisse;

209 2791 400 2863 Quum
431 2806 613 2852 tamen
641 2797 938 2874 his‘posset
968 2798 1084 2854 sine
1111 2798 1271 2854 rebus
1294 2796 1408 2852 vita
1437 2814 1657 2850 manere
1675 2836 1690 2864 ‚

207 2893 287 2947 Ut
313 2890 456 2948 fama
483 2907 564 2951 est
594 2895 802 2974 aliquas
832 2899 996 2954 etiam
1029 2919 1178 2954 nunc
1211 2896 1395 2952 vivere
1425 2906 1612 2972 gentes
1638 2915 1649 2948 :

205 2997 277 3046 At
307 2991 447 3048 bene
474 3013 585 3050 non
613 2994 827 3072 poterat
856 3000 972 3055 sine
1006 3019 1147 3076 puro
1176 3009 1396 3075 pectore
1428 2995 1536 3050 vivi
1564 3015 1576 3048 z

205 3091 332 3163 Quo
363 3093 536 3171 magis
568 3093 658 3150 hic
686 3098 882 3154 merito
911 3099 1068 3154 nobis
1101 3100 1253 3154 Deus
1284 3115 1397 3150 esse
1423 3093 1667 3163 videtur,

202 3193 284 3247 Ex
312 3212 422 3267 quo
452 3212 599 3249 nunc
626 3195 789 3251 etiam
824 3218 920 3274 per
948 3218 1172 3275 magnas
1202 3194 1372 3251 didita
1401 3206 1587 3272 gentes

212 3289 408 3348 Dulcia
444 3291 784 3369 permulcent
816 3297 1024 3353 animos
1054 3296 1243 3353 solatia
1276 3296 1413 3351 vitae.

1578 3419 1596 3454 ι
1618 3419 1636 3455 1
