2320 3866
376 251 467 300 300
976 252 1463 298 ADNOTATIONES

993 425 1060 469 IN
1093 426 1335 471 LIBRUM
1371 427 1452 470 IV.

384 574 386 577 ’
436 571 608 619 Versus
636 567 755 616 1-25
775 569 872 629 jam
895 569 1147 615 adfuerunt
1174 585 1216 628 1,
1240 567 1479 631 925-949.

434 651 608 694 Versus
625 647 782 707 26-29
794 645 844 691 in
857 645 1072 691 omnibus
1095 646 1194 690 fere
1217 645 1346 690 editt.
1359 654 1471 691 vett.
1495 653 1754 707 sequuntur
1776 645 1962 692 demum
1977 655 2086 707 post

369 741 414 770 v.
451 723 534 781 50,
567 724 675 768 loco
702 721 993 768 alienissimo.
1033 721 1237 768 Omnino
1262 721 1370 766 libri
1391 721 1440 766 in
1465 721 1614 782 priori
1638 722 1778 781 hujus
1811 722 1919 767 libri
1951 731 2085 782 parte

368 799 538 846 mirum
572 808 800 860 quantum
830 799 1048 856 turbant,
1077 797 1287 844 versibus
1318 799 1393 844 vel
1429 798 1634 856 omissis,
1662 801 1737 845 vel
1772 798 2087 860 transpositis,

368 877 443 922 vel
463 875 687 936 repetitis.

444 954 591 999 Ordia
614 953 778 1012 prima
805 950 868 1015 (v.
895 949 990 1015 32).
1013 953 1051 996 1.
1083 966 1122 996 e.
1146 951 1430 1011 primordia,
1455 951 1680 997 dissoluta
1703 950 1910 998 dictione
1943 959 1990 996 et
2011 951 2087 995 in-

369 1043 515 1073 versa.
540 1026 750 1086 Simplex
770 1042 944 1071 nomen
964 1026 1094 1071 haud
1117 1025 1229 1071 alibi
1249 1027 1440 1072 videtur
1462 1027 1674 1072 inveniri.

435 1106 604 1147 Rerum
628 1104 885 1146 simulacra
907 1090 968 1164 (ν.
1005 1100 1100 1164 34).
1126 1102 1349 1162 Intelligit
1371 1103 1547 1162 species
1579 1119 1764 1162 rerum,
1795 1120 1912 1164 quas
1944 1106 2088 1165 vulgo

369 1179 693 1224 intentionales
722 1186 918 1235 vocant,
959 1180 1130 1235 εἴδωλα,
1159 1186 1327 1236 τύπους,
1362 1185 1531 1241 ὑμένας,
1562 1179 1921 1238 membranulas,
1946 1179 2086 1225 efflu-

366 1254 443 1299 via
466 1269 524 1299 ex
546 1251 792 1313 superficie
815 1267 1069 1312 corporea,
1094 1267 1197 1312 quae
1221 1268 1280 1297 ex
1303 1252 1520 1298 omnibus
1543 1252 1735 1298 omnino
1749 1254 1890 1298 rebus
1912 1270 2086 1314 perpe-

369 1338 455 1375 tuo
480 1331 694 1374 emanant
717 1337 764 1373 et
797 1328 976 1373 animos
997 1327 1256 1388 impellunt.
1280 1327 1457 1374 Latinis
1489 1339 1700 1389 spectra,
1726 1329 1932 1390 figuroe,
1968 1332 2090 1375 ima-

373 1407 531 1467 gines,
562 1404 741 1465 species
757 1438 773 1460 ,
810 1419 1006 1465 quarum
1047 1405 1330 1463 incursione,
1375 1413 1430 1449 ut
1461 1404 1618 1465 inquit
1641 1404 1734 1451 Cic.
1762 1422 1820 1451 ex
1855 1406 2061 1467 Epicuro
2079 1442 2091 1464 ,

369 1480 454 1545 (de
469 1483 616 1527 Finib.
631 1516 645 1537 ‚
680 1499 698 1527 1
712 1517 727 1540 ,
751 1480 840 1546 6),
866 1498 958 1527 non
991 1484 1128 1527 modo
1151 1484 1419 1538 videamus,
1445 1485 1533 1527 sed
1553 1484 1696 1528 etiam
1719 1484 1982 1544 cogitemus.

436 1557 646 1620 Effigias
678 1557 741 1623 (v.
782 1560 840 1613 46
852 1557 883 1622 J.
922 1560 1091 1604 Forma
1129 1559 1292 1620 effigia
1339 1559 1546 1605 occurrit
1583 1559 1721 1606 etiam
1759 1561 1888 1621 apud
1916 1563 2064 1607 Plaut.
2080 1597 2093 1618 ‚

369 1636 487 1680 Rud.
503 1668 521 1689 ,
560 1651 603 1680 11
618 1670 631 1693 ‚
659 1642 685 1690 4
702 1669 716 1692 ,
742 1651 785 1693 7,
810 1644 856 1680 et
878 1635 929 1679 in
949 1636 1057 1680 loco
1080 1633 1263 1680 Afranii
1285 1635 1414 1695 apud
1435 1635 1643 1681 Nonium
1659 1671 1673 1694 ‚
1696 1652 1795 1681 vr11
1810 1671 1824 1695 ‚
1851 1653 1926 1695 77.

432 1713 618 1757 Summo
640 1713 700 1756 de
733 1728 921 1772 corpore
943 1710 1004 1776 (v.
1039 1710 1132 1776 47).
1157 1711 1389 1773 Epicurus
1411 1712 1509 1756 haec
1538 1712 1782 1758 simulacra
1815 1713 1987 1759 excitat
2010 1721 2091 1763 ἀπὸ

367 1802 436 1846 τῆς
468 1796 668 1854 σωμάτων
703 1796 903 1845 ἐπιπολῆς.
1457 1798 1461 1803 ’

439 1865 607 1911 Cortex
628 1863 691 1930 (v.
718 1863 820 1929 48).
845 1868 917 1911 De
939 1878 1057 1911 voce
1080 1876 1237 1912 cortex
1254 1899 1271 1922 ‚
1303 1866 1443 1911 etiam
1476 1881 1647 1929 genere
1670 1866 1827 1913 femin.
1850 1875 2090 1927 usurpata,

366 1951 535 2003 praeter
561 1939 795 2000 Nonium,
820 1958 914 2001 111,
938 1942 995 1988 61
1014 1978 1028 2000 ‚
1052 1942 1110 1988 cf.
1134 1942 1369 1990 Hssmsms
1399 1943 1461 1989 ad
1496 1943 1664 2003 Ovid.,
1691 1946 1804 1990 Met.
1832 1960 1900 2003 iv,
1926 1942 2033 2002 375.

433 2016 495 2082 (v.
522 2017 621 2082 49)
644 2026 729 2069 Καὶ
753 2027 829 2083 μὴν
861 2026 932 2069 καὶ
952 2028 1071 2069 τύποι
1100 2028 1409 2086 ὁμοιοσχήμονες
1428 2030 1510 2077 τοῖς
1533 2028 1774 2086 στερεμνίοις
1798 2028 1874 2071 εἰσὶ
1896 2028 2092 2073 λεπτότη-

367 2118 428 2143 σιν
468 2102 687 2157 ἀπέχοντες
719 2102 877 2160 μοικρὰν
914 2108 994 2145 τῶν
1034 2105 1278 2160 φαινομένων
1284 2135 1348 2146 .....
1366 2105 1527 2154 τούτους
1561 2101 1610 2147 δὲ
1640 2106 1729 2154 τοὺς
1764 2106 1910 2154 τύπους
1945 2101 2094 2147 εἴδωλα

364 2178 714 2236 προςαγοριύομεν.
743 2169 975 2230 Emeum,
999 2174 1094 2233 Ep.
1121 2175 1190 2217 ad
1210 2175 1382 2218 Herod.
1401 2207 1417 2230 ,
1444 2177 1468 2230 §
1492 2174 1569 2228 46.

433 2247 592 2292 Solate
627 2244 689 2311 (v.
717 2245 819 2311 53).
850 2248 1059 2307 Wakef.,
1095 2265 1238 2311 quem
1267 2251 1318 2295 in
1351 2251 1445 2296 hoe
1480 2250 1683 2297 libenter
1711 2267 1908 2313 sequar,
1943 2250 2094 2296 edidit

364 2326 555 2380 solutoe,
582 2332 630 2369 et
650 2340 836 2370 sensum
858 2325 923 2370 sic
947 2326 1149 2386 explicat
1173 2344 1184 2372 :
1208 2347 1229 2369 α
1250 2327 1426 2373 Partim
1447 2331 1616 2374 solutae
1645 2344 1716 2373 res
1739 2325 1793 2392 (i.
1820 2344 1859 2374 e.
1884 2344 1932 2373 se
1958 2326 2092 2372 facile

365 2401 620 2458 solventes,
642 2409 697 2445 ut
733 2399 877 2464 ligna)
901 2404 1089 2447 mittunt
1118 2420 1318 2464 corpora
1339 2403 1521 2464 dffusa
1549 2403 1605 2469 (i.
1645 2421 1684 2450 e.
1719 2421 1768 2451 se
1793 2404 1964 2466 passim
1994 2403 2091 2449 dif—

365 2473 660 2540 fundentia);
689 2477 863 2537 partim
895 2478 1140 2526 solidiores
1170 2496 1269 2539 res,
1298 2489 1354 2525 ut
1375 2492 1534 2527 teretes
1562 2479 1657 2545 (sic
1687 2481 1809 2527 enim
1838 2480 2087 2542 legendum

364 2568 456 2614 pro
468 2550 664 2617 veteres)
677 2555 858 2599 cicadoe
870 2589 883 2613 ‚
894 2554 1087 2600 mittunt
1097 2573 1292 2616 corpora
1306 2567 1526 2603 contexta
1536 2559 1689 2620 magis
1702 2569 1749 2603 et
1759 2559 2007 2603 condensa.
2021 2577 2046 2597 π

437 2629 663 2675 Hiscendi
698 2638 767 2674 est
797 2633 927 2675 nulla
947 2642 1163 2691 potestas
1195 2630 1257 2697 (v.
1290 2631 1387 2696 64).
1424 2635 1497 2679 Ne
1518 2635 1697 2698 hiscere
1728 2633 1922 2695 quidem
1954 2633 2063 2678 licet
2082 2668 2094 2689 ‚

365 2706 494 2751 nulla
516 2705 708 2751 omnino
730 2705 852 2752 ratio
874 2707 1013 2753 reddi
1034 2716 1205 2768 potest.
1238 2710 1311 2756 De
1331 2709 1480 2754 verbo
1503 2710 1681 2755 hiscere
1703 2710 1761 2755 cf.
1784 2711 1999 2766 Nomos,
2023 2724 2063 2752 11
2079 2744 2092 2765 ‚

369 2782 707 2840 4003812nvms
729 2781 791 2828 ad
813 2783 970 2845 Virg.‚
995 2786 1198 2839 AEneid.,
1230 2786 1455 2843 111‚314;
1480 2794 1526 2831 et
1547 2788 1827 2844 Dromums,
1852 2802 1896 2844 1,
1912 2801 1960 2845 p.
1981 2786 2087 2838 334.

435 2858 667 2918 Conrepta
684 2861 783 2904 luce
805 2860 904 2905 diei
916 2857 979 2924 (v.
998 2858 1094 2925 81).
1108 2881 1127 2902 «
1143 2865 1302 2921 Quum
1312 2876 1480 2922 nempe
1503 2877 1551 2907 se
1573 2861 1727 2922 ipsum
1748 2862 1842 2907 luci
1865 2861 2091 2921 adjungat

368 2932 444 2980 ille
465 2936 612 2981 color.
630 2955 650 2976 »
674 2936 887 2982 Cauca.

432 3015 609 3058 Fucum
633 3010 695 3077 (v.
722 3011 819 3077 82).
843 3016 881 3060 I.
907 3029 946 3061 e.
972 3016 1194 3061 colorem.

434 3091 722 3135 lab-insecus
745 3088 807 3153 (v.
833 3089 931 3156 90).
956 3093 1139 3140 Wakef.
1164 3108 1270 3139 cum
1291 3092 1505 3154 plurimis
1528 3093 1659 3140 libris
1681 3092 1830 3139 edidit
1852 3092 2084 3137 extrinse-

368 3181 447 3210 cus
460 3199 477 3222 5
504 3175 551 3212 et
572 3167 637 3213 Sic
663 3167 867 3228 explicat
890 3185 900 3213 :
925 3188 946 3209 «
971 3170 1095 3227 Quia
1114 3186 1188 3216 res
1211 3186 1270 3215 ex
1301 3172 1396 3215 alto
1421 3179 1533 3216 ortae
1557 3168 1612 3234 (i.
1639 3186 1678 3215 e.
1703 3186 1763 3216 ex
1785 3168 1998 3230 partibus
2019 3167 2088 3211 in-

369 3241 511 3287 ternis
533 3250 580 3288 et
600 3243 916 3305 penitissimis,
939 3244 1049 3293 vide
1064 3262 1108 3293 v.
1137 3243 1239 3310 71),
1254 3246 1368 3292 dum
1382 3246 1576 3292 veniunt
1588 3246 1872 3293 extrinsecus
1895 3241 1949 3307 (i.
1969 3259 2007 3288 e.
2029 3243 2088 3287 ad
