2320 3866
842 259 910 304 IN
944 258 1307 304 LUCRETIUM
1313 294 1320 302 .
1841 255 1866 300 3
1874 270 1899 299 2
1909 270 1927 299 1

308 356 385 402 Uti
401 354 459 419 (v.
485 353 613 419 677).
638 354 713 400 Sic
744 355 899 415 vulgo.
923 354 1103 399 Wakef.
1129 370 1235 399 cum
1254 352 1465 414 plurimis
1491 351 1621 398 libris
1645 351 1792 396 edidit
1811 353 1890 396 ita.

302 435 360 479 V.
386 432 480 491 678
498 431 562 478 sic
580 429 816 478 constituit
840 428 1153 475 Wakefieldus
1176 447 1187 474 ε

412 556 645 612 Consequiae'
658 554 841 610 quodque
861 561 918 594 est
931 555 1013 608 jam
1027 568 1159 595 rerum
1179 569 1227 595 ex
1243 554 1384 594 ordine
1405 561 1532 603 certo,

237 685 283 721 et
307 685 544 738 receptam
560 674 804 721 lectionem
829 672 894 717 ita
918 673 1140 733 explicat:
1167 691 1186 712 «
1211 673 1431 732 Quodque
1450 669 1508 733 (i.
1536 687 1574 715 e.
1602 685 1750 715 unum
1775 669 1937 729 quod—

236 769 330 813 que
356 749 590 815 eventum)
609 759 680 797 est
698 750 956 810 consequioe
965 782 980 803 ,
1004 750 1078 794 vel
1101 747 1439 808 consequentiae
1459 745 1653 809 (plurali
1668 762 1757 806 pro
1773 745 1938 807 singu-

236 829 323 874 lari
342 826 519 892 posito)
542 842 603 872 ex
626 826 788 870 ordine
809 836 932 870 certo
961 841 1119 870 rerum.
1140 845 1159 865 »

298 903 596 963 Aust-acubus
615 899 676 964 (v.
695 899 823 963 682).
849 903 885 946 Ι.
921 916 959 945 e.
975 900 1061 944 viis
1077 900 1274 944 sinuosis
1302 907 1347 943 et
1366 897 1600 944 flexuosis.

299 979 361 1045 (v.
388 975 518 1041 683.)
546 980 618 1023 De
643 977 794 1022 forma
817 977 1017 1037 partire,
1048 975 1366 1020 vetustissimis
1392 975 1614 1019 Romanis
1639 990 1728 1035 pro
1766 975 1938 1020 seriore

227 1057 650 1117 pam’tiusurpata,
676 1054 732 1099 cf.
746 1055 958 1110 Nomos,
977 1068 1072 1109 vn,
1088 1052 1150 1098 63
1165 1086 1178 1109 ,
1202 1052 1287 1108 643
1308 1053 1579 1109 Perseum,
1599 1067 1716 1110 v111,
1734 1052 1762 1097 6
1777 1087 1790 1110 ,
1808 1056 1832 1109 5
1854 1067 1939 1113 29;

234 1141 280 1176 et
309 1134 492 1177 Vnam.
515 1132 686 1187 Prion„
714 1145 762 1190 p.
792 1129 927 1184 1483.
1777 1128 1782 1132 ’

295 1208 460 1253 Nodus
482 1207 600 1251 anni
621 1203 684 1270 (v.
708 1203 836 1269 687).
855 1207 1083 1265 «Propter
1101 1204 1473 1250 intersectionem
1502 1194 1688 1250 zodiaci*
1711 1214 1757 1250 et
1779 1222 1937 1267 aequa-

229 1284 358 1331 toris.
372 1304 393 1324 n
409 1285 617 1330 Cauca.
958 1343 960 1345 V

297 1358 358 1424 (v.
388 1356 520 1422 688.)
540 1378 561 1399 «
578 1358 873 1404 Constructio
901 1367 969 1404 est
999 1374 1011 1403 ε
1041 1359 1159 1403 Nam
1183 1360 1351 1404 coelum
1377 1359 1437 1404 ad
1459 1361 1656 1420 aequales
1680 1358 1940 1418 distantias,

208 1436 279 1482 ‘in
303 1435 462 1482 medio
484 1435 734 1496 Aquilonis
765 1444 811 1481 et
832 1435 1012 1494 Austri,
1031 1443 1175 1480 metas
1201 1435 1446 1496 separatim
1469 1445 1595 1481 tenet
1603 1472 1629 1495 ,.
1647 1438 1721 1481 vel
1750 1436 1940 1482 seorsim

230 1512 388 1558 habet.
411 1531 432 1554 n
452 1513 655 1558 Waxzr.

303 1588 582 1649 Versat-ique
615 1596 776 1648 potest
805 1583 868 1650 (v.
894 1584 1020 1650 719).
1048 1588 1120 1632 Ita
1149 1587 1313 1631 docuit
1351 1589 1551 1632 Berosus
1584 1587 1672 1630 sub
1706 1586 1939 1631 Antiocho

229 1666 394 1711 Sotere
411 1663 695 1710 astronomia
715 1665 879 1709 clarus.

300 1742 362 1787 Ut
384 1741 701 1802 Babylonica,
736 1749 822 1785 etc.
858 1736 917 1802 (v.
949 1736 1076 1802 726).
1094 1739 1296 1785 Chaldaei
1333 1739 1455 1784 enim
1478 1739 1639 1784 Berosi
1661 1739 1942 1800 hypothesin

228 1826 391 1865 contra
408 1819 647 1880 vulgarem
671 1815 968 1878 astrologiam
995 1815 1262 1861 tuebantur.

293 1895 526 1940 Pinnatus
540 1891 603 1958 (v.
630 1890 757 1956 737).
778 1892 959 1939 Wakef.
985 1908 1091 1938 cum
1104 1894 1321 1939 omnibus
1336 1893 1465 1939 libris
1482 1894 1664 1954 scripsit
1685 1903 1939 1955 pennatus.

291 1970 356 2034 (v.
391 1967 520 2034 741.)
561 1969 700 2015 Hunc
734 1985 920 2015 versum
952 1957 1201 2031 respiciens
1231 1971 1424 2030 Isidor.,
1463 1971 1644 2032 origg„
1686 1987 1810 2029 xn1,
1851 1987 1901 2016 11
1930 2006 1942 2028 ‚

227 2047 387 2093 scribit
411 2063 422 2092 ε
456 2067 475 2089 α
489 2048 665 2093 Etesioe
689 2055 844 2092 autem
855 2045 1024 2106 flabra
1058 2049 1302 2108 Aquilonis
1325 2057 1454 2106 sunt,
1478 2047 1651 2109 quibus
1675 2058 1856 2093 ’nomen
1875 2047 1944 2092 in-

228 2123 379 2170 ditum
409 2133 503 2183 est,
536 2124 669 2186 quod
702 2133 823 2183 certo
866 2124 984 2168 anni
1013 2133 1216 2183 tempore
1241 2123 1380 2169 flatus
1403 2139 1540 2186 agere
1572 2123 1816 2184 incipiunt.
1847 2121 1940 2181 Ϊὲτος

228 2199 352 2245 enim
374 2215 519 2262 graece
542 2215 689 2245 annus
712 2198 896 2244 dicitur.
915 2219 934 2239 »

296 2277 440 2321 Evius
470 2276 605 2321 Evan
637 2272 700 2338 (v.
726 2271 852 2334 742).
881 2276 917 2319 I.
941 2290 980 2321 e.
1004 2276 1222 2321 Bacchus.

301 2353 542 2397 Vultumus
584 2348 653 2415 (v.
689 2347 815 2413 744).
840 2350 1038 2409 Gellius,
1069 2353 1128 2397 Ν.
1166 2355 1255 2405 Α.,
1291 2368 1354 2409 11,
1396 2367 1454 2396 22
1490 2367 1549 2395 :«
1572 2353 1782 2397 Tertium
1821 2368 1938 2398 ven-

226 2437 347 2486 tum,
374 2427 458 2489 qui
488 2427 547 2473 ab
582 2426 760 2472 oriente
788 2425 988 2471 hiberno
1013 2426 1179 2487 spirat,
1203 2429 1489 2472 Vulturnum
1519 2428 1720 2474 Romani
1750 2437 1944 2486 vocant3

226 2520 334 2550 eum
358 2503 576 2564 plerique
599 2501 748 2548 Graeci
775 2501 913 2547 misto
938 2502 1152 2560 nomine,
1179 2503 1313 2563 quod
1344 2502 1466 2548 inter
1487 2503 1665 2550 Notum
1689 2512 1735 2550 et
1765 2505 1942 2550 Eurum

226 2580 306 2639 Sit,
326 2588 535 2646 Εὖρόνοτον
562 2575 812 2640 appellant.
837 2598 857 2620 »

293 2654 356 2720 (v.
384 2654 513 2721 761.)
546 2677 565 2698 «
581 2657 677 2702 Cur
706 2655 906 2702 vicissim
936 2655 1084 2716 possit
1113 2664 1236 2701 terra
1274 2657 1430 2703 lunam
1466 2656 1639 2701 lumine
1681 2656 1867 2717 privare
1880 2661 1943 2702 ‘et

232 2733 355 2794 ipsa,
386 2733 509 2780 inter
536 2735 680 2779 solem
714 2735 969 2795 lunamque
993 2730 1153 2796 (supra
1185 2747 1299 2778 vero
1338 2730 1507 2796 solem)
1541 2733 1807 2793 interjecta,
1834 2735 1944 2780 solis

228 2809 387 2855 radios
417 2809 751 2868 intercludere,
779 2810 893 2856 dum
913 2811 1025 2856 luna
1038 2817 1326 2855 menstruum
1349 2825 1484 2855 suum
1507 2825 1695 2855 cursum
1716 2826 1943 2874 peragens

229 2884 429 2948 rigidam
449 2893 585 2946 terrae*
601 2887 836 2944 umbram,
858 2902 962 2948 quae
985 2893 1053 2931 est
1078 2884 1249 2931 conicae
1280 2883 1461 2947 figurae,
1484 2886 1793 2946 perlabitur.»

1626 2964 1839 3010 Cnmzcu.

270 3088 272 3090 .
305 3034 490 3095 Officio
505 3033 568 3101 (v.
589 3036 715 3101 774).
732 3040 989 3087 «Obducto
1012 3049 1058 3085 et
1082 3039 1325 3085 obstructo
1345 3047 1390 3083 et
1411 3054 1498 3098 per
1513 3038 1708 3099 alicujus
1732 3040 1943 3100 corporis

231 3113 631 3174 interpositionem
655 3115 717 3161 ad
737 3124 918 3177 tempus
938 3119 1141 3163 excluso.
1159 3136 1179 3157 »
1199 3118 1466 3162 Lnumws.

307 3192 532 3252 Magnum
545 3191 763 3237 immissis·
775 3203 1004 3239 certamen
1014 3194 1210 3239 habenis
1224 3190 1286 3257 (V.
1307 3190 1438 3257 785).
1453 3213 1473 3235 «
1487 3192 1749 3240 Arboribus
1765 3194 1940 3252 datum,

235 3283 263 3313 a
295 3277 462 3338 natura
493 3267 658 3328 videl„
690 3276 744 3314 ut
781 3270 988 3316 certatim
1021 3270 1118 3318 sine
1144 3273 1237 3317 ulla
1267 3286 1398 3318 mora
1424 3273 1580 3317 ullove
1608 3270 1941 3331 impedimento

1587 3377 1651 3412 21
