2340 3926
195 284 247 334 (v.
268 287 406 338 1010.)
612 287 692 330 DE
725 282 944 328 RERUM
974 255 1243 327 NATURA*
1263 283 1373 327 Lm.
1414 286 1448 328 1.

194 389 271 460 Ut
299 388 376 442 sic
403 384 619 442 alternis
651 384 861 439 infinita
888 385 1070 439 omnia
1096 383 1303 442 reddat.

122 502 126 505 ·
193 488 305 541 Aut
331 486 521 555 etiam,
548 481 869 538 alterutrum
899 482 1002 538 nisi
1035 484 1289 539 terminet
1321 483 1552 541 alterum
1581 503 1769 540 eorum
1790 528 1804 545 ,

196 583 447 660 Simplice
473 593 689 652 natura,
723 592 774 635 et
802 593 984 656 pateat
1015 593 1229 638 tantum
1255 583 1701 651 immoderatum,

170 676 309 738 *Nec
338 680 516 749 mare,
546 699 647 733 nec
676 677 833 734 tellus
849 676 871 751 ,‘
893 701 994 735 nec
1018 679 1138 736 coeli
1170 679 1349 737 lucida
1376 681 1578 757 templa
1596 724 1612 754 ,

193 779 307 835 Nec
330 776 555 833 mortale
582 796 777 853 gemm,
811 798 911 834 nec
936 779 1148 834 *Divum
1172 783 1400 854 corpora
1428 787 1612 835 sancta

191 877 461 952 Exiguum
492 887 712 951 possent
743 876 898 931 horai
933 877 1119 932 sistere
1145 889 1375 953 tempus,

99 1046 106 1051 ι
191 978 355 1046 Nam,
388 973 625 1051 dispulsa
648 993 747 1030 suo
775 974 842 1030 de
870 987 1038 1046 coetu,
1073 976 1318 1030 materiai

190 1074 359 1150 Copia
386 1073 617 1128 ferretur
644 1070 902 1150 magnum
929 1093 1028 1149 per
1056 1075 1215 1129 inane
1242 1071 1449 1144 soluta3

189 1172 312 1228 Sive
339 1170 474 1227 adeo
506 1172 686 1249 potius
712 1190 994 1248 nunquam
1022 1185 1274 1229 concreta
1303 1186 1533 1228 creasset

188 1269 370 1327 Ullam
395 1290 534 1342 rem,
562 1271 819 1346 quoniam
848 1273 969 1347 cogi
998 1270 1222 1347 disjecta
1253 1272 1544 1347 nequisset.

268 1371 410 1427 Nam
437 1381 580 1425 certe
609 1390 784 1444 neque
810 1369 1036 1425 consilio
1065 1370 1362 1445 primordia
1393 1390 1576 1425 rerum

189 1468 398 1524 Ordine
425 1487 481 1522 se
509 1487 735 1543 quaeque
767 1479 930 1544 atque
958 1469 1132 1545 sagaci
1161 1480 1342 1523 mente
1373 1465 1622 1523 locarunt
1639 1511 1653 1538 ,

190 1567 305 1623 Nec
336 1587 470 1642 quos
493 1585 721 1642 quaeque
749 1564 941 1620 darent
970 1577 1150 1620 motus
1185 1566 1451 1642 pepigere·
1469 1564 1711 1639 profecto
1743 1585 1755 1619 :

192 1664 298 1720 Sed
325 1664 451 1739 quia
477 1663 809 1718 multimodis
842 1661 1028 1717 multis
1062 1674 1296 1734 mutata,
1322 1678 1420 1739 per
1450 1682 1635 1734 omne,

187 1764 272 1817 Ex
305 1761 539 1832 infinito,
568 1752 836 1816 vexantur
861 1762 1065 1838 percita
1091 1760 1287 1837 plagis,

188 1861 367 1917 Omne
395 1860 565 1936 genus
593 1872 773 1916 motus
805 1871 861 1916 et
889 1872 1058 1916 coetus
1094 1860 1453 1937 experiundo,

186 1958 427 2014 Tandem
456 1958 750 2015 deveniunt
779 1961 836 2015 in
861 1958 995 2015 tales
1027 1956 1404 2036 disposituraS‚

187 2057 453 2133 Qualibus
484 2059 596 2115 haec
629 2059 790 2116 rebus
823 2059 1068 2116 consistit
1096 2079 1308 2115 summa
1338 2070 1516 2115 creata
1545 2080 1556 2113 :

186 2160 257 2213 Et
284 2155 483 2213 multos
512 2159 676 2214 etiam
702 2150 928 2235 magnos
959 2170 1170 2213 servata
1197 2178 1295 2233 per
1324 2177 1516 2227 annOS,

187 2258 264 2312 Ut
293 2253 456 2313 semel
484 2256 542 2310 in
574 2267 754 2311 motus
786 2256 1028 2331 conjecta
1055 2267 1136 2311 est
1165 2255 1572 2324 convenienteS,

187 2352 367 2410 Efficit
396 2366 459 2409 ut
486 2352 648 2429 largis
678 2353 898 2409 avidum
929 2374 1077 2408 mare
1105 2353 1343 2407 fluminis
1378 2349 1538 2406 undis

186 2454 466 2529 Integrent
498 2471 714 2524 amneS,
751 2464 806 2507 et
838 2450 966 2506 solis
997 2463 1143 2506 terra
1176 2469 1378 2525 vapore
1683 2523 1687 2526 ᾖ

187 2554 320 2606 Fota
354 2562 515 2606 novet
549 2550 731 2622 foetuS‚
762 2550 1154 2624 summissaque
1185 2567 1317 2625 gens
1351 2541 1690 2606 animantum

187 2640 401 2704 Floreat
418 2690 433 2720 ,
462 2660 516 2704 et
530 2649 729 2724 'vivant
754 2646 997 2703 labentes
1030 2647 1242 2702 aetheris
1276 2647 1443 2723 ignes,
1474 2669 1477 2673 ·

187 2746 353 2818 Quod
381 2746 533 2831 nullo
563 2746 800 2802 facerent
831 2757 1020 2822 pacto,
1049 2746 1152 2800 nisi
1185 2746 1431 2809 materiai

188 2847 270 2899 Ex
299 2844 511 2900 infinito
537 2845 769 2901 suboriri
801 2845 958 2921 copia
991 2855 1195 2921 posset,

188 2942 349 2999 Unde
373 2943 566 2999 amissa
598 2943 772 2999 solent
798 2945 1040 3020 reparari
1066 2945 1123 2998 in
1150 2956 1394 3020 tempore
1422 2962 1653 3017 quoque.

188 3042 333 3098 Nam
365 3039 533 3095 veluti
560 3044 768 3118 privata
795 3044 916 3099 cibo
949 3055 1146 3099 natura
1180 3043 1520 3098 animantum

189 3139 406 3196 Diffluit
434 3140 692 3205 amittens,
713 3162 909 3218 corpus
942 3163 953 3197 :
987 3143 1064 3198 sic
1093 3144 1276 3199 omnia
1308 3141 1504 3195 debent

190 3237 459 3310 Dissolvi,
490 3237 648 3294 simul
677 3260 738 3294 ac
765 3240 957 3296 defecit
985 3243 1328 3321 suppeditare

1824 276 1881 332 35
