2300 3926
188 329 241 380 (v.
260 329 374 379 ⁸31.)
597 327 677 370 DE
711 323 931 368 RERUM
961 323 1216 368 NATURA
1253 320 1363 367 LIB.
1405 325 1487 367 111.
1802 333 1888 376 μη

188 430 355 503 Quod
387 427 670 486 lethalibus
704 426 770 480 ab
804 424 967 479 rebus
1002 426 1215 480 munita
1250 437 1496 492 tenetur3

190 531 299 585 Aut
325 529 453 605 quia
478 546 588 582 non
615 524 845 580 veniunt
869 524 1094 578 omnino
1124 522 1298 579 aliena
1325 524 1546 591 salutis3

178 630 305 685 Aut
331 627 458 703 quia
483 644 600 701 quae
626 622 886 693 veniunt,
919 620 1101 698 aliqua
1128 624 1338 678 ratione
1365 621 1655 677 recedunt.

189 723 351 781 Pulsa
376 724 551 800 prius,
584 740 746 796 quam
766 761 781 791 ,
814 720 948 795 quid
974 733 1240 792 noceant,
1273 722 1474 776 sentire
1500 734 1798 795 queamus;

198 821 415 879 Scilicet
439 840 471 876 a
494 839 622 875 vera
646 817 807 896 longe
834 820 1046 874 ratione
1071 830 1346 874 remotum
1373 829 1469 873 est.

198 925 399 977 Praeter
427 919 571 975 enim
597 938 761 994 quam
788 917 939 993 quod
966 918 1170 973 morbis
1203 929 1322 971 tum
1356 915 1600 991 corporis
1633 914 1786 990 aegrit
1805 956 1819 980 ‚

107 1033 114 1039 ’
178 1018 433 1076 Advenit
461 1015 547 1090 id,
573 1016 721 1093 quod
747 1036 867 1072 eam
894 1015 962 1071 de
989 1016 1152 1072 rebus
1178 1035 1317 1092 saepe
1343 1014 1543 1070 futuris

196 1119 437 1174 Macerat
454 1158 470 1186 ,
496 1117 663 1193 inque
693 1128 845 1172 metu
870 1113 1011 1173 male
1043 1115 1208 1172 habet
1225 1157 1242 1188 ‚
1274 1115 1527 1190 curisque
1553 1112 1779 1188 fatigat3

195 1214 595 1291 Praeteritisque
624 1214 857 1270 admissa
887 1216 1042 1286 annis
1071 1226 1296 1292 peccata
1327 1212 1662 1270 remordent.

194 1312 349 1370 Adde
375 1311 616 1369 fiirorem
642 1314 811 1370 animi
838 1314 1123 1390 proprium
1143 1357 1157 1386 ‚
1187 1325 1350 1389 atque
1377 1311 1578 1367 oblivia
1605 1320 1809 1365 rerum·

196 1410 349 1468 Adde
366 1453 382 1482 ,
410 1411 560 1488 quod
590 1412 647 1466 in
675 1412 862 1489 nigras
888 1411 1121 1488 lethargi
1153 1412 1420 1488 mergitur
1447 1409 1639 1465 undas,

275 1507 369 1567 Nil
395 1510 563 1587 igitur
589 1529 736 1566 mors
761 1522 842 1565 est
858 1551 873 1581 ‚
905 1509 975 1565 ad
1000 1530 1101 1566 nos
1129 1530 1306 1585 neque
1331 1511 1571 1587 pertinet
1600 1506 1776 1562 hilum
1796 1548 1809 1575 ,

198 1607 658 1684 Quandoquidem
684 1620 882 1663 natura
913 1609 1081 1663 animi
1109 1606 1356 1663 mortalis
1381 1607 1632 1661 habetur.

202 1710 273 1762 Et
302 1704 452 1762 velut
477 1717 728 1762 anteacto
754 1704 833 1760 nil
861 1716 1106 1781 tempore
1134 1706 1400 1761 sensimus
1428 1705 1586 1781 aegri,

202 1803 291 1860 Ad
316 1802 718 1882 confligendum
745 1804 1088 1859 venientibus
1114 1804 1357 1880 undique
1383 1804 1592 1875 Poenis,

205 1903 407 1959 Omnia
432 1923 603 1980 quum
627 1901 756 1958 belli
783 1902 996 1980 trepido
1023 1924 1286 1960 concussa
1309 1902 1551 1959 tumultu

199 2001 436 2057 Horrida
467 2012 846 2058 contremuere
875 2003 976 2059 sub
1003 2001 1130 2059 altis
1157 2004 1372 2060 aetheris
1399 2004 1578 2073 auris3

198 2103 264 2157 In
293 2088 567 2178 dubioque
594 2101 731 2174 fuit,
761 2102 860 2158 sub
888 2115 1142 2159 utrorum
1172 2124 1341 2181 regna
1366 2102 1669 2159 cadendum

202 2199 473 2256 Omnibus
501 2200 755 2257 humanis
782 2213 951 2272 esset,
977 2204 1234 2277 terraque
1258 2203 1507 2277 marique
1537 2221 1549 2255 :

204 2299 293 2354 Sic
318 2297 414 2353 ubi
439 2318 551 2354 non
585 2299 788 2355 erimus
806 2342 821 2370 ‚
850 2320 1021 2375 quum
1048 2300 1292 2377 corporis
1323 2311 1487 2376 atque
1503 2298 1714 2355 animai

200 2392 500 2452 Dissidium
527 2395 722 2469 fuerit,
757 2398 954 2473 quibus
985 2418 1014 2454 e
1046 2419 1231 2454 sumus
1260 2399 1444 2453 uniter
1475 2399 1623 2474 apti,

205 2494 422 2552 Scilicet
454 2495 600 2552 haud
628 2496 787 2552 nobis
818 2497 1116 2573 quidquam
1134 2541 1149 2568 ‚
1182 2499 1276 2574 qui
1304 2518 1416 2553 non
1451 2498 1653 2552 erimus
1687 2508 1832 2566 tum,

203 2593 461 2650 Accidere
491 2595 717 2651 omnino
748 2596 978 2672 poterit,
1014 2617 1338 2673 sensumque
1371 2616 1623 2664 movere3

204 2694 332 2749 Non
360 2692 405 2748 si
433 2703 576 2748 terra
606 2695 744 2749 mari
770 2694 1111 2766 miscebitur,
1143 2706 1197 2751 et
1226 2715 1376 2750 mare
1405 2693 1557 2750 coelo.

285 2792 356 2845 Et
380 2792 424 2846 si
442 2792 555 2868 jam
580 2804 768 2849 nostro
792 2794 957 2849 sentit
977 2793 1045 2850 de
1068 2813 1297 2870 corpore
1313 2836 1327 2865 ‚
1352 2803 1642 2869 postquam

209 2889 482 2946 Distracta
505 2903 586 2947 est
611 2892 782 2947 animi
811 2905 1008 2948 natura
1034 2894 1337 2968 animaeque
1365 2902 1635 2967 potestas;

209 2985 300 3042 Nil
330 2997 508 3043 tamen
533 2988 639 3045 hoc
666 2990 736 3047 ad
762 3012 886 3064 nos,
914 2994 1008 3068 qui
1035 3004 1178 3048 coetu
1206 2991 1572 3067 conjugioque

213 3086 473 3161 Corporis
498 3097 660 3163 atque
685 3091 877 3147 animae
902 3091 1250 3147 consistimus
1273 3089 1455 3145 uniter
1479 3087 1592 3164 apti
1620 3109 1632 3142 ε

210 3184 325 3240 Nec
343 3226 359 3254 ,
389 3185 434 3240 si
466 3187 744 3242 materiam
771 3202 1014 3246 nostram
1045 3188 1343 3265 conlegerit
1372 3199 1498 3243 aetas

214 3282 342 3338 Post
371 3282 610 3355 obitum,
641 3307 965 3364 rursumque
995 3288 1296 3365 redegerit,
1324 3298 1385 3342 ut
1410 3287 1511 3342 sita
1539 3306 1687 3342 nunc
1718 3297 1800 3343 est
1819 3329 1835 3358 ‚
