2320 3866
378 253 464 300 142
939 247 990 288 T.
1030 246 1321 291 LUCRETII
1354 247 1495 292 CARI
1883 247 1932 299 (v.
1955 252 2065 301 740.)

370 351 574 406 Partim
605 360 795 426 sponte
830 367 926 403 sua
957 369 1074 424 quae
1105 349 1240 405 fiunt
1273 371 1395 404 aere
1425 352 1481 405 in
1517 351 1658 426 ips0‚

368 452 571 508 Partim
599 471 718 527 quae
748 451 908 506 variis
938 451 1006 506 ab
1042 453 1201 506 rebus
1227 471 1442 527 cunque
1471 449 1755 520 recedunt,

369 554 440 607 Et
474 572 590 627 quae
614 552 916 606 consistunt
947 572 1012 606 ex
1041 551 1240 606 horum
1266 550 1408 607 facta
1436 551 1626 627 figuris
1660 572 1672 605 ε

368 652 512 707 Nam
544 663 690 705 certe
723 671 788 706 ex
820 652 944 707 vivo
977 652 1236 711 Centauri
1268 672 1380 707 non
1413 650 1474 707 fit
1503 652 1715 727 imagoz,

367 749 533 806 Nulla
560 750 663 806 fuit
688 752 947 827 quoniam
976 750 1095 806 talis
1130 763 1328 807 natura
1355 751 1602 807 animalis
1635 773 1647 806 :

366 850 575 906 Verum
610 850 704 905 ubi
734 852 859 926 equi
892 863 1055 926 atque
1084 851 1319 906 hominis
1353 872 1480 907 casu
1508 851 1767 908 convenit
1798 851 1980 926 imago
2004 891 2019 919 ‚

366 949 630 1003 Haerescit
658 947 815 1004 facile
847 948 1144 1025 extemp10‚
1175 950 1323 1025 quod
1350 949 1586 1007 diximus
1621 962 1776 1022 ante,

367 1048 598 1122 Propter
629 1036 882 1102 subtilem
911 1060 1162 1103 naturam
1191 1062 1246 1104 et
1276 1051 1461 1105 tenuia
1494 1060 1640 1105 texta
1672 1070 1684 1103 :

367 1147 562 1201 Cetera
590 1145 658 1200 de
694 1166 892 1222 genere
925 1147 1030 1201 hoc
1059 1147 1247 1202 eadem
1277 1149 1488 1203 ratione
1516 1160 1770 1204 creantur
1804 1170 1816 1203 ε

366 1244 503 1316 Quae
532 1264 702 1319 quum
735 1244 1009 1301 mobiliter
1040 1265 1253 1301 summa
1284 1245 1504 1302 levitate
1533 1246 1804 1316 feruntur,

368 1345 447 1398 Ut
477 1343 628 1419 prius
658 1342 898 1412 ostendi,
934 1343 1091 1399 facile
1120 1365 1233 1400 uno
1267 1357 1577 1400 commovet
1608 1346 1720 1401 ictu

366 1442 641 1516 Quaelibet
672 1464 782 1499 una
814 1444 1060 1500 animum
1090 1445 1249 1500 nobis
1276 1444 1487 1501 subtilis
1517 1447 1716 1523 imagO.

365 1546 567 1600 Tenuis
595 1545 742 1600 enim
764 1565 918 1600 mens
948 1557 1029 1601 est
1056 1557 1112 1600 et
1138 1532 1275 1600 mire
1301 1543 1521 1601 mobilis
1545 1546 1679 1622 ipsa.

446 1647 572 1699 Haec
603 1643 747 1716 fieri,
778 1656 840 1699 ut
870 1664 1144 1716 memoro,
1172 1643 1330 1700 facile
1354 1645 1484 1700 hinc
1514 1665 1843 1721 cognoscere
1876 1647 2082 1721 possiS‚

353 1744 664 1816 ¹Quatenus*
688 1745 794 1800 hoc
818 1743 992 1800 simile
1024 1757 1107 1800 est
1139 1743 1338 1814 oculis,
1368 1744 1519 1820 quod
1548 1756 1728 1800 mente
1760 1744 2036 1816 videmu8‚

365 1845 547 1921 Atque
577 1843 747 1900 oculis
781 1843 943 1900 simili
970 1844 1090 1900 fieri
1122 1846 1335 1901 ratione
1367 1864 1586 1901 necesse
1619 1856 1715 1900 est.

366 1946 531 2003 Nunc
564 1945 732 2020 igitur
759 1947 1019 2020 quoniam
1045 1944 1209 2001 docui
1232 1965 1318 1999 me
1348 1944 1491 2001 forte
1520 1943 1705 2001 leones

366 2045 604 2128 Cernere
641 2064 740 2119 per
772 2043 1096 2116 simulacra,
1128 2043 1317 2101 oculos
1349 2064 1691 2120 quaecunque
1720 2042 2026 2115 lacessunt;

366 2143 515 2197 Scire
548 2141 673 2198 licet
699 2155 939 2198 mentem
971 2142 1133 2199 simili
1164 2145 1375 2199 ratione
1403 2143 1615 2200 moveri

292 2288 294 2290 -
366 2246 472 2299 Per
500 2242 787 2300 simulacra
820 2242 1041 2299 leonum
1073 2255 1282 2316 cetera,
1312 2263 1433 2320 quae
1462 2242 1610 2299 videt
1640 2263 1824 2319 aeque,

367 2345 485 2401 Nec
516 2344 697 2398 minus
727 2354 890 2418 atque
921 2342 1097 2413 oculi,
1136 2343 1240 2398 nisi
1271 2343 1420 2419 quod
1450 2364 1609 2420 mage
1638 2343 1826 2399 tenuia
1858 2343 2048 2398 cernit.

448 2444 568 2501 Nec
601 2443 814 2497 ratione
841 2441 974 2513 alia,
1009 2462 1179 2517 quum
1211 2463 1433 2498 somnus
1468 2443 1713 2498 membra
1746 2441 2020 2519 profudit,

368 2544 527 2600 Mens
555 2544 723 2599 animi
751 2524 973 2619 vigilat,
1008 2543 1111 2597 nisi
1148 2542 1296 2618 quod
1329 2541 1622 2599 simulacra
1647 2542 1917 2598 lacessunt

369 2646 494 2699 Haec
527 2641 715 2699 eadem
742 2655 958 2698 nostros
986 2643 1223 2714 animm,
1253 2664 1402 2718 quae,
1440 2664 1610 2720 quum
1637 2640 1924 2719 vigilamus
1959 2663 1970 2696 :

369 2745 556 2818 Usque
588 2741 755 2814 adeo,
778 2754 938 2799 ,certe
974 2754 1036 2797 ut
1062 2741 1346 2797 videamur
1378 2749 1607 2798 cernere.
1634 2762 1785 2812 eum,
1821 2762 1984 2817 quem

368 2842 605 2898 Reddita
636 2842 767 2897 vitai
796 2843 911 2918 jam
940 2863 1116 2911 mom,
1154 2855 1209 2896 et
1235 2855 1382 2898 terra
1411 2844 1586 2919 potita
1620 2854 1714 2898 est.
1942 2838 1944 2841 ’

370 2945 486 2997 Hoc
517 2941 640 2997 ideo
665 2942 784 2998 fieri
818 2943 963 3019 cogit
994 2945 1231 3014 Natura,
1266 2941 1415 3021 quod
1447 2962 1636 2998 omnes

371 3043 632 3117 Corporis
666 3042 847 3098 affecti
877 3064 1063 3100 sensus
1089 3064 1187 3120 per
1218 3043 1468 3099 membra
1495 3043 1784 3119 quiescunt
1803 3085 1817 3113 ‚

372 3142 486 3196 Nec
514 3155 744 3220 possunt
770 3142 968 3199 falsum
996 3144 1137 3199 veris
1172 3144 1494 3199 convincere
1526 3143 1689 3198 rebus
1725 3165 1736 3197 ε

372 3241 638 3296 Praeterea
663 3243 971 3298 meminisse
994 3244 1167 3318 jacet,
1201 3242 1532 3319 languetque
1565 3262 1787 3319 soporc3
