2320 3866
387 241 482 284 270
1000 231 1483 279 ADNOTATIONES

385 328 472 384 περὶ
504 335 676 375 ποιητῶν
703 345 816 386 φησιν
853 330 912 371 ὅτι
953 328 1023 373 καὶ
1048 322 1245 389 ὁμηρικὸς
1281 325 1605 391 ὁὲμπεὸοκλῆς,
1634 336 1704 378 καὶ
1741 335 1868 389 δεινὸς
1896 342 1986 401 περὶ
2017 348 2086 393 τήι

383 404 522 460 φράσιν
552 406 713 463 γέγονε,
742 398 1002 463 μεταφορικός
1020 424 1067 449 τε
1101 426 1168 460 ων,
1194 409 1264 452 καὶ
1290 411 1372 459 τοῖς
1403 412 1531 460 ἄλλοις
1561 412 1643 460 τοῖς
1662 413 1754 470 περὶ
1775 421 1983 466 ποιητικὴν
2010 423 2090 463 ἐπι-

342 479 583 538 Ὗζ’ΤΓΕῑΙδῪμιαῦἸ,
603 482 813 539 χρώμενος.

446 551 646 612 Egregze
675 549 738 615 (v.
774 550 909 616 736).
934 555 1106 599 Noster
1133 554 1209 599 hic
1245 563 1291 600 et
1320 572 1404 614 111,
1437 555 1552 615 205,
1579 574 1668 618 pro
1703 559 1839 604 valde
1869 573 2088 625 usurpat,

379 633 433 668 ut
455 628 639 672 Terent.
653 629 835 685 ‚.Andr
847 645 926 687 ,1,
960 628 1014 686 5,
1039 618 1130 686 3'83
1160 630 1253 675 Cic.
1263 632 1359 688 ,de
1382 631 1539 687 Orat„
1556 650 1602 692 1,
1627 632 1708 691 453
1731 649 1800 692 11,
1826 636 1914 694 663
1937 638 2086 699 idem,

378 701 507 745 Brut.
521 735 537 756 ‚
564 719 621 763 93
644 705 788 749 Auct.
808 706 878 748 ad
898 707 1124 760 Hereum,
1152 721 1241 764 111,
1267 721 1352 764 22,
1379 716 1466 753 etc.

366 821 369 836 ζ
442 780 649 840 Fragori
678 778 741 843 (v.
771 781 861 839 748
873 779 906 844 ).
936 783 972 826 Ι.
1003 798 1042 825 e.
1067 782 1306 840 fractioni,
1335 783 1570 830 divisioni.

446 856 634 900 Venena
652 855 720 921 (v.
741 855 868 920 762).
887 858 1106 903 Similiter
1128 861 1305 916 Varro,
1319 861 1449 904 deR.
1466 862 1521 906 R.
1531 879 1609 920 ,1,
1638 878 1692 920 2,
1715 863 1807 908 18:
1825 847 2084 923 «Quaedam

375 930 497 975 enim
537 934 744 991 pecudes
784 935 978 978 culturae
1018 942 1125 979 sunt
1161 934 1356 980 inimicae
1385 951 1438 981 ac
1468 953 1683 997 veneno,
1725 949 1779 984 ut
1817 941 1937 999 istae,
1969 958 2083 1002 quas

374 1007 531 1053 dixisti
547 1025 745 1068 ,.caprae
763 1030 783 1050 ³>

436 1087 535 1129 Illa
560 1083 622 1148 (v.
654 1084 794 1149 766).
831 1089 868 1132 Ι
895 1102 934 1131 e.
968 1087 1223 1143 elementa,
1245 1086 1353 1130 lieet
1380 1103 1450 1131 res
1465 1089 1713 1146 praecedat.

439 1162 784 1206 clandestinam
820 1178 1083 1223 coecamque
1121 1160 1197 1225 (v.
1235 1160 1370 1224 779).
1409 1164 1445 1207 Ι.
1485 1179 1524 1208 e.
1566 1165 1775 1211 sensibm
1809 1184 1907 1213 non
1933 1184 2081 1230 appa—

367 1246 562 1282 rentem.

430 1314 623 1357 Mutare
645 1311 709 1377 (v.
736 1312 873 1377 787).
897 1316 1128 1360 Absolute
1149 1330 1240 1373 pro
1266 1330 1317 1359 se
1339 1325 1530 1359 mutare.

439 1391 494 1434 In
524 1400 850 1434 commutatum
881 1402 1070 1435 veneunt
1099 1388 1162 1453 (v,
1193 1387 1328 1453 795).
1361 1392 1398 1435 Ι.
1435 1407 1474 1435 e.
1505 1400 1762 1437 mutantur.
1797 1393 2082 1452 Hujusmodi

364 1465 570 1511 verbalia
600 1467 818 1511 amabant
840 1476 1033 1512 veteres.
1050 1466 1240 1528 VirgiL,
1264 1468 1484 1523 AEneid„
1509 1479 1612 1526 xit,
1630 1467 1729 1528 95:

538 1620 681 1634 .....
705 1595 742 1631 Ο
763 1605 967 1645 nunquam
985 1591 1169 1632 frustrata
1183 1599 1342 1632 vocatus

537 1663 658 1701 Hasta
675 1663 804 1701 meos!

429 1777 493 1843 (v.
521 1775 778 1843 798-801.)
796 1777 1094 1824 Constructio
1118 1778 1183 1823 sic
1204 1794 1253 1823 se
1274 1779 1441 1824 habet:
1458 1780 1728 1833 hac-natura
1743 1795 1944 1840 corpora
1960 1795 2079 1825 con—

362 1856 546 1912 stituas3
573 1854 736 1900 eadem
756 1856 951 1908 scilicet,
976 1854 1015 1899 si
1043 1854 1166 1899 forte
1197 1854 1459 1904 creaverim
1482 1854 1664 1916 ignem,
1690 1871 1850 1915 posse,
1867 1865 1954 1901 etc.

427 1930 490 1997 (v.
522 1929 653 1995 806.)
675 1932 829 1977 Affert
843 1919 976 1976 'hunc
1000 1933 1158 1975 locum
1180 1931 1400 1976 Priscian.
1416 1966 1429 1988 ,
1444 1947 1516 1975 vn
1530 1966 1543 1988 ,
1565 1938 1647 1989 14,
1657 1932 1774 1990 fin„
1795 1941 1849 1977 ut
1876 1927 2075 1978 demon-

361 2017 474 2054 stret
486 2044 499 2066 ,
513 2007 847 2053 vetustissimos
869 2007 1062 2051 Latinos
1079 2007 1219 2051 etiam
1244 2007 1294 2051 in
1309 2007 1578 2052 nominibus
1593 2007 1741 2052 tertiae
1755 2008 2076 2054 declinationis

360 2084 421 2129 ad
444 2084 618 2144 quintae
642 2083 875 2130 rationem
903 2083 1157 2147 ablativum
1183 2082 1423 2126 interdum
1446 2083 1739 2142 produxisse.

424 2158 488 2223 (v.
522 2151 657 2217 823)
699 2158 986 2204 Sententiam
1009 2174 1140 2203 suam
1163 2173 1241 2216 ea,
1272 2173 1366 2218 qua
1396 2158 1560 2218 saepius
1575 2159 1750 2216 utitur,
1772 2159 2072 2207 similitudine

359 2237 541 2299 egregie
570 2236 769 2281 illustrat
794 2252 805 2280 :
834 2235 1021 2280 Eaedem
1046 2234 1232 2292 litterae,
1251 2234 1385 2279 vario
1407 2243 1590 2282 tantum
1621 2236 1786 2280 ordine
1818 2236 2073 2298 dispositae,

357 2318 601 2359 innumera
624 2321 917 2373 componunt
945 2313 1116 2369 verba,
1142 2319 1188 2356 et
1217 2310 1368 2356 forma
1399 2320 1445 2356 et
1460 2327 1578 2357 sono
1607 2312 1862 2372 plurimum
1878 2313 2071 2357 diversa.

359 2389 491 2447 Quid
525 2389 671 2451 igitur
703 2389 940 2445 miremur,
969 2389 1007 2432 si
1044 2388 1206 2432 eadem
1235 2387 1435 2446 semina,
1463 2404 1567 2448 quae
1598 2389 1737 2449 longe
1765 2390 1904 2448 plura
1934 2403 2071 2449 quam

355 2465 521 2510 litterae
543 2474 676 2522 sunt,
708 2480 812 2524 quae
846 2464 1049 2507 diversas
1069 2464 1245 2506 habent
1269 2463 1408 2508 etiam
1422 2462 1597 2526 figuras
1611 2499 1625 2521 ‚
1654 2464 1834 2525 ignem,
1866 2472 2040 2508 terram
2060 2498 2074 2520 ,

355 2557 552 2603 aquam,
580 2555 767 2586 omnem
790 2539 993 2599 denique
1012 2555 1170 2583 rerum
1194 2539 1466 2584 varietatem
1495 2539 1814 2584 constituant?

421 2617 487 2683 (v.
519 2615 651 2681 830.)
687 2619 990 2678 Anaxagoras
1028 2614 1191 2659 docuit
1228 2615 1469 2660 materiam
1504 2615 1747 2665 infinitam-
1771 2630 1893 2672 esse,
1923 2631 1948 2659 e
1977 2630 2071 2674 qua

354 2694 511 2740 omnia
536 2694 864 2756 gignerentur3
889 2708 947 2737 ex
974 2691 1189 2751 partibus
1203 2707 1316 2736 vero
1346 2692 1470 2735 inter
1493 2708 1541 2737 se
1568 2692 1793 2755 similibus
1819 2707 1892 2735 res
1910 2707 2069 2736 omnes

355 2770 598 2832 componi,
621 2786 680 2814 ex
709 2769 917 2814 ossiculis
941 2783 1064 2826 ossa,
1093 2767 1366 2829 sanguinem
1391 2783 1450 2811 ex
1470 2766 1919 2828 sanguinis‘guttulis
1935 2801 1949 2823 ,
1982 2775 2068 2811 etc.

356 2850 511 2904 Quam
538 2845 801 2891 doctrinam
830 2845 894 2891 sic
926 2844 1120 2904 exponit
1162 2844 1464 2900 Plutarchus,
1490 2844 1550 2888 de
1582 2844 1714 2888 Plac.
1732 2843 1885 2903 phil„
1914 2858 1933 2887 1
1950 2876 1963 2899 ,
1995 2845 2021 2888 3
2057 2859 2067 2887 :

353 2923 652 2988 Ᾱναξᾰζγόραςὸ
679 2930 949 2986 Κλαζομένιος
983 2928 1108 2986 ἀρχὰς
1135 2933 1213 2970 τῶν
1251 2928 1373 2970 ὄντων
1402 2927 1475 2975 τὰς
1507 2926 1778 2984 ὁμοιομερείας
1813 2925 2065 2982 ἀπεφήνατό

356 3002 489 3049 ἐδόκει
521 3005 596 3063 γὰρ
628 3007 737 3063 αὐτῷ
772 3005 1035 3063 ἀπορώτατον
1065 2999 1187 3056 εἶναι,
1217 3010 1302 3052 πῶς
1331 3004 1374 3045 ἐκ
1399 3008 1469 3045 τοῦ
1494 3004 1548 3060 μὴ
1571 3003 1679 3051 ὄντος
1699 2998 1875 3045 δύναταί
1897 3018 1938 3043 τι
1967 3001 2071 3058 γίνε-

356 3084 509 3135 σθαι,ἢ
532 3082 754 3139 φθείρεσθαι
784 3082 835 3131 εἰς
858 3083 904 3124 τὸ
936 3084 991 3140 μὴ
1021 3082 1075 3124 ὄν.
1114 3082 1266 3138 Τροφῆν
1297 3085 1387 3138 γοῦν
1415 3080 1708 3139 προςφερόμεθα
1731 3080 1860 3126 ἁπλῆν
1899 3076 1970 3120 καὶ
1995 3093 2066 3134 μο-
2111 3111 2116 3116 .

354 3154 502 3206 vead-is
528 3152 602 3200 οἷον
630 3159 695 3200 τὸν
741 3158 984 3216 Δημήτρειον
1011 3159 1149 3216 ἄρτον,
1182 3159 1227 3199 τὸ
1262 3153 1366 3213 ὕδωρ
1405 3157 1603 3209 πίνοντες,
1629 3156 1701 3198 καὶ
1738 3157 1782 3198 ἐκ
1820 3155 1969 3201 ταύτης
1994 3157 2063 3199 τῆξ

353 3240 500 3291 τροφῆς.
517 3236 702 3291 τρέφεται
718 3234 819 3292 θρὶξ,
835 3235 955 3292 φλὲψ,
978 3236 1169 3292 ἀρτηρία,
1192 3239 1327 3290 νεῦρα,
1352 3234 1473 3286 ὀστᾶ,
1489 3232 1559 3275 καὶ
1581 3232 1635 3276 τὰ
1660 3231 1782 3275 λοιπὰ
1807 3231 1936 3287 μόρια.
1965 3228 2061 3269 Τοῦ-
