2320 3866
441 250 466 294 3
474 249 532 294 26
1053 251 1179 295 ADN
1185 249 1535 295 OTATIONES

502 343 635 391 Ferri
664 346 737 390 vis
772 342 835 407 (v,
866 341 1026 406 1285).
1061 352 1131 396 Βίη
1171 349 1353 408 σιδήρου,
1383 354 1436 389 ut
1469 361 1632 405 supra,
1665 363 1709 392 V·
1751 355 1899 407 1241‘2
1924 363 2136 411 Potestas

434 420 623 478 plumbi.
647 420 795 465 Aliter
818 419 973 480 Virg.,
1000 419 1184 480 Georg.‚
1214 436 1231 464 1
1251 454 1264 476 ‚
1295 420 1381 473 143
1396 419 1543 476 ‚ferri
1568 422 1710 482 rigor,
1735 432 1782 468 et
1804 427 2002 484 AEneid„
2035 444 2107 473 vu
2123 463 2137 485 ‚
2173 448 2177 451 ·

436 495 551 555 609,
571 494 705 553 ferri
732 495 923 551 robora,
957 509 1059 554 quae
1087 503 1193 540 sunt
1223 494 1524 543 nihilominus
1557 497 1767 543 formulae
1803 501 2062 548 consimiles
2093 513 2139 549 et

435 587 584 631 graeco
602 587 732 617 more
752 570 996 616 fabricatae.

498 645 566 709 (v.
598 646 762 710 1288.)
788 650 962 707 Aperte
991 648 1064 694 hic
1096 646 1298 697 imitatus
1322 655 1391 691 est
1423 647 1704 707 Hesiodum,
1742 651 1897 711 Opera
1928 663 1972 698 et
2002 656 2132 710 Dies,

439 722 659 779 1‚150:

631 867 723 914 Τοῖς
753 861 793 907 δ’
826 862 870 911 ἦν
908 866 1063 920 χάλκεα.
1091 864 1159 920 μὲν
1189 865 1361 919 τεύχεα,
1390 865 1552 919 χάλκεοι
1574 862 1623 907 δέ
1650 883 1694 908 τε
1728 863 1824 910 οἶκοι

631 944 782 998 Χαλκῷ
813 943 1057 998 εἰργάζοντο,
1087 942 1208 997 μέλας
1231 937 1271 981 δ’
1288 943 1355 983 οὐκ
1388 943 1479 984 ἔσκε
1505 939 1678 1001 σίδηρος.

492 1070 619 1115 Belli
621 1068 798 1127 fluctus
818 1065 880 1130 (v.
911 1063 1068 1128 1289).
1092 1064 1166 1110 Sic
1186 1066 1424 1126 Euripid.‚
1453 1071 1578 1125 Ion„
1610 1070 1672 1114 60
1699 1087 1710 1115 ε
1735 1083 1921 1138 πολέμιος
1953 1082 2128 1137 κλύδων,

425 1154 472 1190 et
488 1145 844 1204 Theopompus,
868 1150 984 1186 teste
1006 1142 1258 1186 Plutarcho
1286 1158 1297 1185 :
1324 1150 1452 1205 ῥεῦμα
1472 1150 1541 1192 καὶ
1561 1148 1746 1196 κλύδωνα
1769 1159 1957 1214 πολέμου.

492 1222 684 1281 Creperi
702 1222 761 1282 (v.
784 1216 950 1280 1295).
971 1217 1132 1262 Festus
1155 1217 1242 1261 sub
1266 1217 1312 1261 h.
1336 1233 1380 1262 v.
1405 1226 1451 1263 et
1476 1219 1660 1264 Nonius
1695 1222 1801 1281 qui,
1830 1240 1850 1267 1
1864 1258 1878 1280 ‚
1904 1226 1988 1285 45,
2018 1245 2127 1275 ver.

421 1314 526 1344 sum
551 1305 766 1343 nostrum
787 1311 893 1341 cum
916 1293 1014 1339 aliis
1030 1292 1252 1353 exemplis
1277 1293 1438 1351 affert,
1460 1310 1673 1354 crepet-us
1693 1312 1781 1356 per
1794 1300 1956 1346 dubius
1977 1303 2128 1350 inter-

420 1383 646 1435 pretatur.

484 1454 723 1496 Inventum
754 1445 815 1511 (v.
856 1446 1011 1511 1300).
1040 1446 1221 1494 Wakef.
1255 1454 1383 1491 recte
1406 1446 1608 1492 restituit
1630 1460 1871 1498 armatum.

484 1527 631 1571 Boves
660 1528 790 1570 lucas
812 1521 873 1588 (v.
906 1521 1060 1584 1301).
1083 1542 1108 1564 α
1123 1523 1401 1582 Elephantas
1429 1522 1561 1568 Italia
1589 1523 1793 1584 primum
1821 1526 1941 1572 vidit
1964 1529 2130 1590 Pyrrhi

417 1602 539 1663 regis
569 1603 695 1648 bello
713 1636 727 1659 ,
759 1609 805 1646 et
835 1601 981 1646 boves
1010 1601 1137 1645 lucas
1168 1598 1418 1658 appellavit
1447 1598 1498 1643 in
1529 1600 1730 1646 Lucanis
1761 1601 1937 1648 visos.»
1962 1606 2098 1651 Pun.
2118 1642 2129 1663 ,

420 1680 476 1724 H.
503 1680 590 1734 N.,
621 1694 746 1735 vn1,
771 1677 815 1722 6.
841 1678 909 1723 Cf.
933 1676 1071 1722 etiam
1086 1678 1237 1721 VARR.
1256 1710 1268 1733 ,
1292 1677 1352 1719 de
1372 1677 1424 1720 L.
1450 1678 1532 1730 L.‚
1561 1693 1637 1735 w,
1662 1693 1710 1737 p.
1737 1678 1821 1739 89,
1855 1680 1994 1742 Bip.;
2027 1684 2130 1728 Lu—

416 1770 522 1800 cam.
541 1789 555 1812 ,
585 1771 661 1813 1x,
697 1753 815 1812 5723
836 1756 1016 1799 Ausou.
1034 1787 1049 1810 ,
1077 1752 1230 1812 Epist.
1255 1767 1333 1809 xv,
1362 1766 1442 1809 12,
1475 1751 1698 1812 aliosque.

478 1833 715 1892 Deplexoe
744 1827 810 1894 (v.
845 1826 1008 1892 1320).
1045 1826 1272 1885 «Solane,
1297 1843 1325 1872 a
1349 1836 1510 1886 πλέκω,
1540 1828 1666 1873 unde
1695 1828 1934 1888 implico.»
1951 1831 2125 1877 Fiam.

415 1908 605 1953 Creech.
626 1916 803 1964 autem,
832 1921 972 1967 quem
995 1904 1130 1965 sequi
1143 1904 1331 1950 videtur
1346 1905 1565 1950 Scheller.
1588 1905 1675 1950 sub
1698 1906 1743 1949 h.
1772 1921 1816 1952 v.
1833 1941 1845 1963 ,
1876 1907 1966 1952 alio
1992 1923 2129 1967 pror-

413 1999 490 2028 sus
507 1998 645 2028 sensu
668 1982 847 2028 dictum
872 1990 1008 2042 putat
1024 2016 1037 2039 ‚
1059 1989 1105 2026 et
1119 1980 1184 2025 sic
1211 1980 1546 2040 interpretatur
1565 1996 1578 2024 z
1599 2000 1619 2021 «
1635 1982 1875 2041 Deplexae,
1891 1982 1922 2027 i.
1940 1999 1979 2028 e.
2004 1993 2130 2029 arcte

417 2060 665 2118 amplexae,
693 2074 774 2103 seu
800 2057 1050 2117 implicitae.
1071 2076 1090 2097 »

479 2134 594 2178 Sues
619 2131 680 2198 (v.
713 2132 868 2196 1322).
896 2133 1092 2177 Haverc.
1130 2140 1176 2176 et
1197 2131 1379 2177 Wakef.
1406 2147 1513 2176 cum
1543 2132 1756 2191 plurimis
1793 2133 1925 2179 libris
1962 2135 2128 2180 edide—

410 2218 524 2256 runt
547 2226 665 2255 suos.

476 2284 537 2350 (v.
565 2284 719 2350 1323.)
745 2287 938 2332 Sensum
962 2285 1143 2331 Wakef.
1168 2285 1232 2330 sic
1255 2283 1499 2344 exposuit:
1517 2304 1536 2325 «
1554 2284 1843 2344 Aperiehant
1861 2283 2122 2351 (cornibus)

409 2371 457 2407 et
488 2363 794 2408 extrahebant
829 2362 1101 2423 sanguinem
1137 2371 1277 2422 atque
1316 2361 1489 2406 inclusa
1528 2360 1700 2406 viscera
1715 2381 1740 2402 ι»
1754 2395 1768 2419 ,
1801 2372 1847 2408 et
1882 2374 2121 2424 comparat

408 2437 563 2500 Virg.,
597 2439 808 2492 AEneid.,
840 2454 893 2496 x,
919 2437 1038 2494 313,-
1063 2447 1108 2482 et
1135 2439 1274 2495 Stat.‚
1306 2438 1469 2491 Theb„
1500 2451 1565 2493 11,
1599 2436 1674 2491 46.

472 2516 531 2560 V.
554 2515 675 2561 1325
712 2522 757 2559 et
789 2513 909 2558 1326
939 2513 1156 2558 nonnulli
1179 2513 1382 2557 editores
1413 2513 1598 2572 spurios
1634 2514 1915 2559 habuerunt.
1946 2514 2120 2559 Forbi-

407 2606 521 2653 gero
540 2590 675 2650 prior
697 2589 926 2652 genuinus
950 2598 997 2634 et
1019 2588 1083 2634 sic
1105 2587 1433 2649 intelligendus
1458 2588 1649 2634 videtur
1678 2604 1689 2632 :
1718 2610 1737 2630 «
1757 2589 1875 2648 apri,
1891 2591 1980 2634 tela
2008 2605 2121 2634 cor-

404 2667 603 2727 poribus
626 2666 720 2711 suis
749 2665 893 2710 infixa
915 2674 961 2710 et
986 2666 1132 2710 fracta
1147 2680 1316 2709 ‘secum
1337 2664 1570 2709 trahentes
1593 2674 1638 2709 et
1667 2664 1890 2726 sanguine
1915 2682 2001 2711 suo
2025 2666 2119 2710 im-

404 2744 627 2801 buentes,
655 2752 907 2803 propterea
930 2742 990 2787 ad
1018 2742 1226 2786 furorem
1256 2740 1489 2797 concitati,
1512 2740 1638 2800 ipsos
1661 2756 1769 2786 suos
1799 2741 1977 2797 socios,
2009 2743 2041 2787 i.
2075 2759 2114 2788 e.

403 2819 598 2877 milites,
630 2834 657 2864 a
687 2818 857 2879 quihus
891 2818 980 2878 ipsi
1004 2817 1052 2861 in
1082 2826 1314 2862 certamen
1346 2816 1537 2861 adducti
1558 2825 1710 2874 erant,
1736 2817 1956 2863 dentibus
1978 2818 2116 2863 inva—

405 2904 579 2941 serunt.
609 2915 628 2936 »

469 2968 533 3035 (v.
563 2964 716 3028 1328.)
744 2971 1042 3017 Vocabulum
1063 2971 1282 3025 adactus,
1306 2977 1359 3013 ut
1380 2970 1526 3013 multa
1548 2971 1635 3014 alia
1659 2970 1786 3029 apud
1819 2969 2118 3024 Lucretium,

404 3054 516 3105 ἅπαξ
540 3055 746 3112 λεγόμενον
762 3056 828 3092 est
850 3048 1131 3092 habendum.
1159 3047 1298 3090 Exire
1308 3060 1421 3090 vero
1435 3079 1449 3102 ‚
1471 3060 1560 3104 pro
1583 3046 1732 3090 vitare
1754 3046 1977 3105 positum,
2003 3046 2113 3090 alibi

403 3123 540 3168 etiam
562 3122 633 3187 (ut
643 3140 696 3167 w
711 3158 724 3181 ‚
757 3124 900 3181 1205,
924 3121 1065 3186 1216)
1088 3138 1116 3168 a
1136 3122 1355 3168 Lucretio
1377 3122 1574 3182 simplici
1596 3122 1864 3167 accusativo
1884 3121 2109 3183 jungitur.

468 3193 527 3255 (v.
560 3200 714 3266 1342.)
731 3199 1004 3259 «110011111ιί
1022 3201 1140 3244 velle
1166 3198 1320 3244 dicere
1346 3198 1589 3243 Lucretius
1603 3198 1792 3244 videtur
1811 3199 2036 3257 :Loquor
2052 3197 2110 3241 de
