2320 3866
397 265 490 328 298
1008 265 1490 311 ADNOTA'noNEs

395 362 502 407 Non
534 362 621 406 dat
649 362 770 405 unde
788 360 1018 420 promittit
1033 393 1047 413 ,
1081 358 1109 402 i.
1137 375 1176 404 e.
1209 376 1307 405 non
1331 377 1389 421 ex
1411 361 1564 407 animo
1589 361 1726 419 dicit,
1762 378 1860 407 non
1895 363 2043 409 oratio
2073 381 2097 409 e

400 436 544 481 corde
568 435 807 490 emittitur,
830 435 914 479 sed
936 450 961 479 e
982 434 1124 479 labris
1146 443 1192 479 et
1213 435 1371 497 ling-ua
1387 428 1554 482 oritur.
1578 465 1579 469 =

459 511 584 555 Eicit
613 509 674 573 (v.
702 507 828 572 890).
852 510 1002 569 Ejicit.

459 587 656 630 Miseret
677 584 738 650 (v.
759 584 886 650 894).
910 589 981 632 De
1002 588 1150 633 verbo
1167 588 1360 632 misereo
1381 604 1479 633 non
1501 589 1867 650 impersonaliter
1889 590 2100 636 adhibito

401 661 459 705 cf.
484 662 668 706 Rudim.
703 665 818 707 Inst.
858 664 966 718 Gra,
996 679 1042 722 1,
1064 679 1111 723 p.
1138 664 1255 721 273,
1277 671 1375 708 not.
1403 664 1476 710 51.

468 738 700 784 Vindicat.
732 739 812 784 >Sic
834 738 1088 784 Lambinus
1111 738 1312 797 conjecit
1347 739 1445 784 sine
1473 755 1609 786 causa
1629 756 1718 800 pro
1741 740 1880 786 codd.
1904 740 2102 786 lectione

395 813 571 858 dividit.
1441 873 1443 875 -

468 886 531 953 (v.
559 888 689 955 896.)
714 911 733 932 «
753 891 879 936 Dum
903 891 1051 937 credit
1072 907 1123 936 se
1150 900 1259 951 post
1286 900 1485 937 mortem
1508 891 1706 937 cadaver
1727 891 1846 936 illud
1867 891 2078 936 futurum
2092 926 2103 947 ,

398 979 584 1011 sensum
607 983 743 1012 suum
765 968 815 1012 in
836 968 887 1013 id
911 968 1118 1028 quodam
1140 969 1284 1013 modo
1308 969 1538 1015 transfert.
1566 988 1584 1009 »ι
1607 969 1783 1014 Fumi.

462 1043 606 1087 Melle
640 1041 703 1106 (v.
726 1042 856 1106 904).
882 1044 1004 1089 Vide
1027 1046 1276 1101 meopn„
1300 1047 1357 1088 H.
1388 1047 1492 1101 Gn,
1516 1060 1571 1102 v,
1595 1046 1648 1102 3,
1678 1060 1748 1105 19.

463 1119 637 1163 Versus
660 1117 754 1179 905
778 1128 823 1163 et
847 1120 941 1180 906
963 1120 1336 1179 transponendos
1352 1121 1569 1166 censebat
1589 1121 1844 1179 Bentleius,
1863 1122 2120 1166 immemor

396 1211 442 1239 v.
466 1210 506 1239 c.
530 1194 716 1240 Nicolai
738 1196 1013 1240 Damasceni
1028 1230 1042 1253 ,
1064 1211 1113 1256 p.
1140 1194 1233 1253 275
1247 1231 1260 1254 ,
1290 1196 1430 1241 Cordi
1449 1213 1465 1240 .·
1487 1205 1632 1261 Φρύγες
1647 1206 1688 1246 οὐ
1711 1206 1997 1261 κατορύττουσι
2019 1205 2104 1253 τοὺς

393 1278 505 1335 ἱερεῖς
525 1280 864 1332 τελευτήσαντας,
897 1281 982 1322 ἀλλ’
1007 1278 1071 1321 ἐπὶ
1106 1280 1231 1328 λίθους
1251 1276 1514 1336 ὃεκαπῆχεας
1537 1282 1714 1323 τιθέασιν
1740 1281 1876 1338 ὀρθούς.

456 1348 608 1392 Letho
639 1345 702 1411 (v.
724 1346 855 1412 917).
879 1349 988 1394 Pius
1012 1347 1271 1394 felicissime
1293 1349 1417 1408 conj.
1444 1352 1575 1395 lecto.

394 1480 401 1487 .
454 1421 518 1486 (v.
544 1422 677 1489 927.)
699 1427 771 1470 De
796 1425 1077 1471 diminutivo
1100 1426 1332 1470 homullus
1357 1426 1415 1471 cf.
1439 1428 1712 1484 Pmscun„
1737 1442 1826 1483 111,
1851 1426 1903 1483 6,
1927 1428 1951 1481 S
1976 1425 2052 1480 34.

459 1503 618 1547 Fuerit
634 1499 698 1565 (v.
723 1500 839 1566 928)
863 1503 924 1548 ad
931 1503 1145 1560 fructum
1177 1502 1477 1548 referendum
1501 1518 1597 1548 esse
1618 1518 1758 1548 nemo
1780 1518 1880 1547 non
1899 1500 2042 1547 videt.

460 1579 550 1623 Rei
568 1575 630 1641 (v.
658 1577 786 1643 931).
811 1580 886 1624 sic
911 1595 1072 1624 omnes
1095 1579 1192 1624 fere
1218 1579 1351 1638 libri,
1377 1596 1498 1641 quos
1521 1581 1737 1638 Creech.‚
1760 1581 1979 1637 Havere„
2001 1580 2109 1626 Wa—

386 1654 478 1700 kef.
514 1654 687 1715 aliique
710 1665 987 1717 sequuntur,
1010 1664 1063 1701 ut
1083 1656 1302 1701 nimirum
1325 1673 1418 1702 vox
1444 1665 1747 1722 μονοσυλλοίβως
1776 1656 2009 1702 efferatur.
2089 1685 2091 1687 μ

460 1731 746 1792 Expergz'tus
773 1729 834 1795 (v.
862 1738 990 1795 942).
1017 1732 1123 1777 «Ab
1147 1732 1240 1778 alio
1263 1731 1515 1792 excitatus,
1551 1748 1693 1794 quem
1721 1733 1921 1779 solemus
1956 1731 2110 1777 dicere

389 1807 783 1867 expergefactum.
801 1827 821 1849 »
843 1809 1035 1854 FEs‘rus.
1061 1810 1200 1869 Apul.
1215 1844 1228 1867 ‚
1251 1810 1367 1854 Met.
1385 1826 1426 1854 11
1440 1844 1454 1867 ,
1475 1825 1524 1869 p.
1556 1815 1669 1870 149,
1694 1816 1741 1854 et
1761 1824 1857 1853 v111
1875 1843 1888 1866 ,
1909 1823 1957 1868 p.
1986 1808 2080 1868 590
2097 1843 2109 1864 ‚

396 1884 516 1930 Oud.
530 1918 545 1939 ‚
574 1883 849 1930 adverbium
873 1901 1068 1946 quoque
1090 1887 1331 1948 expergite
1357 1886 1612 1947 usurpavit.

460 1961 648 2004 Fructus
671 1957 733 2023 (v.
759 1959 894 2025 953).
920 1963 992 2007 De
1014 1961 1319 2008 insolentiore
1352 1962 1495 2022 hujus
1515 1962 1713 2023 perfecti
1746 1960 2028 2006 formatione
2050 1961 2108 2006 cs.

388 2037 571 2080 Rudim.
596 2039 716 2082 Inst.
745 2039 822 2082 Gr.
840 2072 855 2091 ,
886 2055 929 2096 1,
952 2054 996 2098 p.
1027 2040 1144 2097 262,
1165 2049 1265 2084 not.
1292 2042 1367 2087 23.

380 2170 383 2173 Δ
454 2112 693 2157 Baratkro
710 2109 773 2176 (v.
799 2111 928 2176 967).
953 2113 1048 2159 Alii
1070 2115 1320 2160 Bar-achre.
1343 2117 1506 2162 Lamb.
1532 2122 1771 2174 comparat
1792 2114 1959 2158 Thom.
1982 2114 2106 2173 Mag.

386 2187 437 2232 in
464 2190 634 2234 Lexico
657 2205 744 2235 suo
759 2190 993 2235 dicentem
1016 2207 1028 2237 t
1052 2199 1250 2256 Βάραθρος
1265 2200 1497 2257 ἀρσενικῶς,
1520 2202 1538 2241 ὁ
1566 2198 1760 2256 βαράθρου
1777 2196 1881 2247 ἄξιος
1897 2197 2107 2254 ἄνθρωπος.

386 2264 544 2325 Vulgo
569 2265 724 2311 editur
747 2268 993 2313 Balatbro.

451 2341 708 2402 Inciletque
730 2339 793 2405 (v.
820 2341 950 2407 976).
975 2343 1185 2402 Nonius,
1209 2361 1275 2403 11,
1311 2347 1406 2392 230
1431 2362 1442 2390 ε
1479 2365 1499 2387 «
1529 2346 1730 2390 Incilare
1768 2352 1836 2388 est
1867 2342 2107 2402 increpare

384 2417 461 2460 vel
483 2415 766 2476 improbare.
792 2439 812 2459 »

452 2493 678 2537 Materies
708 2510 827 2555 opus
858 2505 927 2539 est
953 2492 1015 2558 (v.
1041 2493 1171 2559 980).
1197 2495 1266 2542 Cf.
1291 2498 1353 2543 ad
1376 2514 1422 2555 1,
1451 2498 1587 2545 1050.

452 2569 708 2629 Mancupio
745 2568 807 2633 (v.
845 2569 974 2635 984).
1006 2573 1074 2624 Ea
1108 2573 1342 2633 mancipio
1385 2575 1615 2635 accepisse
1653 2573 1872 2629 dicimur,
1903 2585 2106 2630 quorum

387 2643 650 2689 dominium
674 2655 742 2691 est
763 2647 903 2692 nobis
926 2647 1217 2709 acquisitum.

562 2780 662 2833 Quis
680 2781 756 2822 tibi
775 2781 881 2823 hanc
903 2783 1014 2824 dedit
1037 2783 1261 2840 mancipio?
1283 2791 1351 2824 aut
1373 2784 1479 2824 unde
1501 2784 1658 2824 emisti?

1288 2857 1437 2894 Pmur.
1452 2885 1463 2903 ,
1490 2852 1646 2895 Curcul.
1660 2884 1672 2903 ,
1697 2868 1741 2903 v,
1766 2867 1787 2892 2
1802 2884 1813 2903 ,
1838 2868 1902 2906 19.

386 2981 446 3025 Et
464 2981 696 3041 sapposite
732 2984 973 3029 Arnobius
1006 3001 1017 3028 :
1050 3004 1069 3025 «
1092 2985 1351 3031 Usufructu
1388 2986 1475 3030 illis
1507 2995 1575 3032 est
1595 2985 1716 3043 Yita,
1750 3001 1848 3030 non
1869 2983 2101 3044 mancipio

385 3057 568 3102 tradita.
588 3077 609 3099 »

453 3131 512 3192 (v.
545 3132 702 3198 1001.)
726 3135 801 3181 Sic
825 3136 1073 3197 Virgilius,
1097 3136 1280 3185 AEnec'd.
1297 3171 1311 3191 ‚
1342 3154 1420 3195 vt,
1448 3137 1538 3198 595
1566 3156 1576 3182 t

561 3274 644 3312 Nec
662 3287 744 3313 non
763 3282 801 3314 et
821 3274 965 3328 Tityon
990 3284 1102 3316 terrae
1124 3275 1405 3330 omniparentis
1427 3276 1625 3317 alumnum
