2320 3866
429 247 519 302 234
993 243 1044 287 T.
1074 213 1372 287 LUCRETu
1410 243 1552 287 CARI
1944 246 1995 294 (v.
2017 250 2128 300 713.)

424 351 633 407 Unicus
669 349 725 403 in
758 347 914 401 terris
946 347 1164 423 AEgypti
1202 346 1367 402 totius
1404 346 1578 401 amnis
1616 368 1627 400 ε

423 454 475 505 Is
505 451 646 527 rigat
676 450 973 523 AEgyptum
1008 444 1247 501 medium
1280 465 1377 521 per
1410 466 1549 523 saepe
1581 444 1847 514 calorem;

422 553 533 605 Aut
562 548 689 624 quia
722 557 851 601 sunt
881 557 1062 601 aestate
1091 543 1387 620 Aquilones
1420 546 1557 600 ostia
1589 556 1807 616 contra,

421 649 568 704 Anni
600 660 843 723 tempore
873 666 937 700 eo
968 665 1079 721 quo
1111 644 1292 701 Etesia
1324 643 1495 699 flabra
1521 644 1803 716 feruntur3

421 751 492 804 Et
519 759 711 803 contra
739 744 967 801 fluvium
996 744 1184 799 ssantes
1212 756 1576 816 remorantur,
1606 755 1658 798 et
1692 743 1865 799 undas

423 851 692 925 Cogentes
723 867 906 902 sursus
938 843 1180 921 replent,
1215 857 1525 921 coguntque
1556 865 1777 899 manere
1810 865 1822 898 ε

421 949 565 1004 Nam
600 947 765 1002 dubio
798 944 989 1022 procul
1023 944 1134 999 haec
1165 943 1391 1000 adverso
1421 943 1590 999 flabra
1627 943 1880 1000 feruntur

420 1046 702 1115 Flumine,
738 1066 857 1120 quae
891 1042 1084 1119 gelidis
1116 1063 1148 1096 a
1180 1040 1345 1099 stellis
1378 1044 1491 1097 axis
1523 1055 1762 1119 aguntur
1798 1065 1809 1097 :

420 1144 519 1200 Ille
549 1165 613 1198 ex
645 1142 871 1198 aestifera
904 1142 1048 1217 parti
1082 1141 1229 1195 venit
1261 1142 1435 1195 amnis
1466 1141 1533 1195 ab
1569 1153 1781 1212 austro,

420 1247 571 1299 Inter
603 1244 756 1319 nigra
788 1241 967 1297 virum
996 1251 1358 1316 percoctaque
1388 1238 1542 1295 saecla
1569 1238 1789 1311 calore,

419 1344 684 1400 Exoriens
715 1341 930 1417 penitus
959 1339 1138 1394 media
1171 1339 1239 1394 ab
1273 1339 1499 1415 regione
1535 1338 1657 1393 diei.

500 1446 599 1498 Est
628 1461 872 1517 quoque,
907 1440 988 1494 uti
1019 1439 1191 1515 possit
1225 1458 1455 1515 magnus
1486 1449 1776 1515 congestus
1813 1459 1989 1495 arenae

418 1541 701 1599 Fluctibus
738 1539 976 1595 adversis
1011 1537 1258 1615 oppilare
1288 1539 1428 1593 ostia
1461 1550 1680 1607 contra,

419 1645 609 1716 Quum
642 1661 792 1696 mare
823 1650 1136 1717 permotum
1167 1638 1343 1692 ventis
1372 1639 1486 1693 ruit
1520 1639 1668 1694 intus
1702 1658 1925 1694 arenam
1957 1660 1970 1693 t

419 1745 547 1814 Quo
577 1741 639 1797 fit
669 1742 750 1796 uti
783 1751 944 1816 pacto
977 1737 1115 1793 liber
1148 1739 1330 1793 minus
1363 1739 1538 1793 exitus
1571 1739 1751 1808 amni,

417 1845 491 1897 Et
518 1840 795 1918 proclivus
830 1840 961 1894 item
991 1837 1087 1892 fiat
1113 1838 1294 1892 minus
1330 1839 1565 1914 impetus
1598 1837 1774 1894 undis,
1994 1912 1995 1916 Ἰ

499 1940 587 1997 Fit
611 1960 830 2017 quoque
863 1939 944 1993 uti
972 1936 1173 2015 pluviae
1199 1935 1384 1993 forsan
1413 1938 1586 2015 magis
1617 1937 1687 1994 ad
1719 1950 1885 2015 caput
1914 1939 2056 2014 ejuS‚

417 2043 689 2116 Tempore
716 2059 781 2093 eo
806 2038 942 2093 fiant
975 2058 1087 2113 quo
1113 2038 1297 2093 Etesia
1324 2035 1496 2093 flabra
1524 2036 1858 2113 Aquilonum

419 2137 621 2196 Nubila
652 2138 954 2213 conjiciunt
986 2138 1044 2191 in
1073 2157 1162 2192 eas
1193 2147 1326 2192 tunc
1354 2137 1538 2193 omnia
1567 2149 1749 2214 partes
1782 2159 1794 2192 ε

419 2236 636 2295 Scilicet
667 2236 733 2292 ad
770 2236 1006 2292 mediam
1035 2236 1317 2313 regionem
1346 2237 1518 2313 ejecta
1546 2235 1653 2292 diei

418 2339 607 2410 Quum
639 2348 1017 2392 convenerunt
1034 2380 1049 2406 ,
1078 2337 1154 2392 ibi
1184 2336 1254 2392 ad
1276 2336 1416 2393 altos
1440 2337 1676 2414 denique
1703 2349 1916 2394 montes

419 2439 709 2494 Contrusae
737 2436 911 2491 nubes
946 2447 1240 2512 coguntur,
1269 2437 1435 2512 vique
1469 2449 1812 2514 premuntur.

498 2537 680 2592 Forsit
710 2547 766 2591 et
786 2535 1108 2611 AEthiopum
1138 2536 1355 2611 penitus
1380 2534 1447 2591 de
1471 2538 1751 2592 montibus
1774 2535 1898 2591 altis

420 2638 673 2708 Crescat,
707 2637 804 2691 ubi
834 2637 891 2690 in
922 2652 1144 2712 campos
1178 2633 1329 2690 albas
1365 2635 1694 2708 descendere
1724 2636 1956 2714 ningues

418 2735 672 2791 Tabificis
704 2735 912 2812 subigit
939 2734 1106 2791 radiis
1139 2733 1220 2791 sol
1255 2736 1440 2805 omnia
1472 2734 1727 2792 lustrans,

497 2837 662 2893 Nunc
687 2855 813 2912 age,
839 2837 1059 2892 Averna
1087 2835 1187 2891 tibi
1212 2857 1331 2912 quae
1347 2837 1455 2892 sint
1474 2835 1593 2892 loca
1612 2856 1829 2912 cunque
1851 2834 2133 2911 lacusque,

421 2934 756 3011 Expediam‚
789 2933 940 3012 quali
971 2924 1426 3013 naturapraedita
1460 2948 1727 2992 constent.

418 3035 722 3113 Principi0‚
759 3035 909 3112 quod
939 3038 1159 3093 Averna
1191 3048 1480 3109 vocantur,
1509 3057 1712 3092 nomen
1743 3035 1798 3091 id
1826 3036 1893 3091 ab
1923 3055 1981 3090 re

418 3134 748 3209 Impositum
775 3147 885 3209 est,
918 3137 1045 3212 quia
1076 3148 1202 3192 sunt
1235 3136 1424 3192 avibus
1451 3136 1727 3192 contraria
1756 3135 1993 3214 cunctis3

420 3232 464 3285 E
494 3233 718 3308 regione
747 3256 810 3291 ea
836 3236 987 3312 quod
1017 3235 1133 3292 loca
1160 3257 1334 3313 quum
1365 3236 1635 3298 advenere
1666 3234 1936 3303 volanteS,
