2320 3866
402 243 426 287 3
440 258 452 285 ¹
465 242 492 285 6
1005 232 1486 279 ADNOTATIONES

402 333 558 382 omnia
596 346 760 392 rapere
796 329 967 375 vellent
1008 337 1055 374 et
1097 329 1281 374 haurire
1312 345 1323 372 :
1356 329 1386 373 i.
1423 347 1462 376 e.
1605 343 1824 390 magnam
1855 337 2052 389 partem.
2074 350 2117 372 »-

1801 409 1999 453 WAur.

466 487 668 532 Distinet
690 482 749 547 (v.
776 481 908 546 204).
932 483 1079 527 Bentl.
1104 497 1209 527 cum
1228 481 1299 527 his
1316 483 1471 529 verbis
1494 489 1732 542 comparat
1745 482 1928 527 Horatii
1955 482 2066 545 (od.
2079 518 2095 540 ,

401 581 420 609 1
438 599 451 622 ,
470 563 496 607 3
510 596 524 620 ,
550 560 629 625 22)
652 576 871 606 oceanum
893 558 1233 603 dissociabilem
1243 591 1258 612 ,
1284 558 1462 604 Wakef.
1479 575 1592 603 vero
1607 557 1766 603 laudat
1787 558 2026 604 Heinsium
2041 560 2101 604 ad

401 640 540 686 ovid.
554 673 568 696 ‚
591 638 777 683 Heroid.
801 653 898 681 vlu
913 671 926 695 ,
949 635 1011 697 69
1026 669 1039 693 ,
1060 635 1210 680 nostr-i
1223 634 1316 679 loci
1329 651 1427 680 non
1445 635 1773 679 immemorem.

466 718 666 760 Versum
691 714 782 759 206
807 713 941 758 simul
957 728 1062 757 cum
1086 711 1177 756 alio
1197 710 1396 756 Lucretii
1426 712 1531 756 loco
1545 726 1594 755 VI
1608 744 1621 767 ‚
1642 708 1729 755 156
1743 744 1756 767 ,
1771 711 1954 756 Nonius
1969 711 2104 756 affert

399 807 519 848 vlu,
553 790 613 836 26
629 825 642 848 ,
667 798 831 850 utpote
858 790 1067 848 exempla
1093 787 1221 832 vocis
1245 791 1398 848 gelum
1422 785 1510 851 (vel
1532 789 1662 848 gelus
1679 784 1732 848 P)
1757 787 1817 831 ad
1851 788 2101 833 secundam

403 867 761 912 declinationem
787 854 994 909 formatae
1005 899 1018 921 ‚
1035 880 1130 924 qua
1146 865 1209 910 de
1220 881 1270 910 re
1286 865 1343 910 cs.
1359 865 1545 910 Nomos
1556 898 1569 921 ,
1592 879 1655 907 111
1668 896 1682 920 ,
1714 867 1800 916 104
1813 881 1825 920 ;
1840 865 2080 909 Pmscnu.
2092 897 2104 920 ‚

401 942 520 1000 v,8,
550 946 574 999 5
599 941 686 997 433
709 949 756 986 et
776 943 968 997 Vnum,-
990 942 1045 985 R.
1069 941 1147 997 R„
1170 957 1211 998 1,
1237 939 1312 995 45.

469 1015 529 1078 (v.
564 1015 691 1078 210.)
715 1016 782 1060 Cf.
796 1015 966 1059 VIRG..
997 1016 1182 1075 Georg„
1210 1032 1252 1069 1,
1283 1014 1367 1072 45;
1394 1017 1590 1068 Avium,
1613 1016 1661 1060 in
1677 1017 1837 1070 Ama,
1868 1013 1987 1072 6163
2010 1015 2106 1060 S11..

401 1094 551 1148 Iun,
573 1106 677 1147 XVI,
706 1089 821 1148 5523
847 1099 893 1135 et
914 1093 1173 1146 Pmscmw„
1196 1091 1375 1149 Perieg.
1410 1090 1520 1148 180,
1543 1106 1605 1151 qu
1651 1106 1810 1136 omnes
1835 1106 1860 1136 e
1888 1091 2107 1136 Lucretio

401 1166 604 1212 hausisse
625 1166 858 1211 videntur.

468 1243 664 1303 Indigus
694 1242 874 1287 auxilio
898 1239 957 1304 (v.
988 1240 1115 1295 224).
1140 1260 1159 1282 «
1176 1241 1397 1287 Notanda
1429 1249 1499 1287 est*
1518 1242 1803 1287 constructio
1825 1243 1953 1287 vocis
1982 1244 2107 1287 indi-

400 1334 489 1378 gus
505 1335 612 1364 cum
637 1318 840 1363 ablativo
855 1354 867 1377 ,
884 1318 1016 1378 cujus
1038 1318 1167 1363 aliud
1191 1319 1454 1379 exemplum
1474 1334 1572 1375 non
1596 1318 1748 1364 habeo
1772 1318 2074 1364 afferendum.
2090 1339 2109 1359 »

1817 1395 2013 1439 Fonmo.

472 1472 735 1532 Am‘puisse
765 1469 826 1534 (v.
854 1469 990 1534 248).
1032 1470 1256 1531 Arripere
1270 1505 1284 1528 ‚
1308 1485 1540 1515 assumere
1568 1485 1668 1515 non
1695 1470 1858 1515 datum
1890 1478 1971 1514 aut
1994 1485 2113 1515 con-

405 1563 580 1593 cessum
614 1548 673 1592 ab
710 1549 870 1592 altero.
904 1547 979 1592 Sic
1014 1546 1136 1603 Cion,
1163 1548 1221 1591 N.
1249 1550 1312 1593 D.
1322 1581 1337 1602 ,
1365 1563 1407 1604 1,
1434 1562 1493 1605 27
1522 1562 1534 1591 :
1557 1546 1818 1606 «Arripere
1845 1546 1958 1590 mihi
1977 1545 2113 1591 vide-

403 1624 547 1681 mini,
580 1623 713 1684 quasi
747 1632 903 1668 vestro
933 1623 1070 1682 jure,
1101 1638 1201 1668 rem
1221 1609 1352 1669 nullo
1380 1623 1525 1669 modo
1559 1622 1866 1684 probabilem.
1888 1641 1908 1663 »
1932 1622 2113 1669 Wakef-

405 1698 554 1743 edidit
581 1715 640 1744 ne
662 1700 946 1759 corripuisse.

472 1776 648 1819 Rursus
669 1772 730 1838 (v.
750 1773 862 1837 251)
891 1774 952 1819 ad
976 1783 1231 1834 utrumque
1252 1772 1450 1819 Verbum
1461 1775 1593 1834 gigni
1605 1782 1650 1818 et
1663 1790 1906 1834 augescere
1926 1773 2113 1818 referas.

469 1854 528 1895 In
553 1868 735 1896 summa
758 1849 817 1914 (v.
846 1849 978 1914 266).
996 1853 1032 1896 Ι.
1063 1866 1101 1896 e.
1129 1850 1334 1912 denique
1348 1884 1362 1908 ,
1385 1858 1440 1894 ut
1467 1849 1672 1896 breviter
1693 1858 1740 1895 et
1764 1849 2025 1895 summatim
2048 1850 2118 1895 ‹li-

406 1944 535 1985 cam;
557 1928 647 1973 nisi
668 1929 798 1973 malis
821 1937 1091 1974 construere
1113 1945 1125 1974 ε
1150 1936 1197 1974 et
1219 1926 1293 1985 fit,
1316 1936 1370 1972 ut
1390 1926 1440 1971 in
1461 1942 1639 1972 summa
1658 1925 1711 1989 (i.
1735 1942 1774 1972 e.
1797 1926 1848 1971 in
1872 1925 2115 1989 universo)

404 2004 577 2050 humor
604 2005 720 2049 nihii
743 2005 963 2050 abundet.

395 2126 397 2129 ,
471 2082 705 2124 Retexens
727 2080 788 2142 (v.
816 2078 951 2143 268).
983 2080 1184 2137 Αναλὺων,
1207 2081 1455 2125 resolvens.

395 2182 397 2184 -
473 2156 747 2216 Suppeditet
770 2154 830 2218 (v.
857 2154 990 2219 294).
1014 2157 1241 2201 Absolute
1255 2171 1346 2216 pro
1369 2163 1585 2216 suppetat
1600 2189 1613 2212 ‚
1628 2163 1682 2200 ut
1707 2155 1881 2215 saepius.

480 2234 632 2293 Usque
653 2234 773 2278 adeo
804 2231 863 2294 (v.
890 2231 1016 2294 301).
1042 2234 1224 2278 «Tanta
1249 2232 1478 2277 celeritate
1501 2232 1585 2276 lux
1605 2231 1692 2276 ista
1712 2231 1937 2276 taedarum
1960 2230 2114 2291 quoli-

405 2309 487 2353 bet
516 2317 754 2354 momento
783 2324 1082 2367 evanescens,
1105 2310 1166 2354 ab
1194 2309 1410 2354 omnibus
1435 2308 1622 2354 illarum
1649 2307 1837 2369 ignibus
1867 2321 1993 2352 nova
2017 2307 2115 2350 lucc

406 2384 741 2429 instauratur.»
775 2386 983 2429 Cromen.

476 2461 732 2505 Protollere
753 2458 814 2520 (v.
833 2461 859 2505 3
871 2459 959 2522 10).
977 2462 1068 2503 Pro
1085 2462 1243 2504 tollere
1246 2476 1416 2521 porro,
1437 2461 1512 2505 vel
1524 2475 1804 2521 promovere
1816 2493 1830 2516 ,
1852 2457 2116 2503 extendere.

408 2535 630 2581 Similiter
652 2537 799 2581 Plaut.
817 2570 831 2594 ,
852 2537 1023 2580 Pseud.
1037 2568 1050 2589 ,
1076 2551 1164 2592 111,
1195 2549 1222 2579 2
1242 2570 1255 2593 ,
1289 2551 1343 2592 71
1376 2569 1387 2579 .

588 2674 755 2713 Manum
772 2672 806 2712 si
827 2672 1011 2726 protollet
1022 2701 1033 2720 ,
1057 2670 1203 2726 pariter
1221 2670 1403 2726 proferto-
1413 2685 1586 2714 manum.

475 2800 536 2863 (v.
571 2799 699 2863 317.)
740 2800 952 2845 Verbum
965 2801 1254 2861 pertolerare
1288 2808 1455 2860 praeter
1484 2800 1610 2845 hunc
1634 2800 1791 2845 locum
1820 2815 1919 2846 non
1954 2800 2041 2846 nisi
2071 2800 2120 2844 in

410 2879 546 2922 Plaut
560 2911 574 2934 ‚
602 2877 777 2936 Amph.
806 2892 994 2936 suppos.
1005 2910 1020 2932 ‚
1047 2892 1092 2920 v.
1125 2891 1185 2920 20
1201 2911 1214 2933 ,
1237 2875 1436 2921 inveniri
1456 2875 1654 2921 videtur.

478 2955 664 2999 Natura
689 2954 793 2998 hoec
829 2969 979 2998 rerum
1017 2951 1077 3014 (v.
1112 2952 1202 2999 336
1212 2950 1243 3016 ).
1267 2952 1508 3014 Physicam
1533 2952 1763 3015 intelligit.
1787 2953 1925 2997 Plane
1955 2949 2120 2996 eodem

413 3046 551 3076 sensu
573 3030 819 3088 Horatius,
858 3029 946 3075 od.
960 3062 976 3085 ,
1006 3046 1048 3088 1,
1074 3035 1148 3087 14,
1177 3028 1236 3074 de
1257 3029 1518 3091 Pythagora·
1546 3026 1665 3074 dixit
1687 3042 1699 3072 ε

695 3193 706 3204 .
740 3192 752 3203 .
783 3192 794 3203 .
824 3192 835 3203 .
866 3163 955 3202 Non
974 3161 1154 3202 sordidus
1170 3169 1306 3203 auctor

649 3235 806 3274 Naturae
827 3231 988 3285 verique
991 3262 1171 3273 .....
