2300 3926
450 301 466 328 1
482 286 537 337 14
999 282 1050 324 T.
1088 281 1379 327 LUCRETH
1414 282 1554 326 cmii
1759 342 1762 343 ⁷
1924 284 1975 334 (v.
1997 287 2133 338 1041.)

444 386 778 443 Ceciderunt
795 425 809 454 ‚
838 402 1047 459 magnis
1075 384 1168 458 qui
1196 384 1446 460 gentibus
1473 385 1870 460 imperitarunt.

443 485 540 541 Ille
569 505 784 561 quoque
814 485 927 559 ipse
944 526 959 555 ‚
986 484 1129 538 viam
1160 484 1254 558 qui
1284 483 1555 558 quondam
1582 504 1678 560 per
1702 503 1848 537 mare
1877 501 2136 559 magnum

445 588 677 655 Stravit,
712 585 921 658 iterque
954 581 1101 637 dedit
1134 580 1435 658 legionibus
1458 584 1546 637 ire
1580 603 1676 658 per
1709 581 1911 653 altum,

407 661 409 663 A
440 687 517 740 Ac
545 683 771 760 pedibus
804 680 965 737 salsas
998 681 1182 736 docuit
1218 701 1379 757 super
1411 682 1487 736 ire
1515 681 1734 736 lacunas
1753 725 1767 752 ,

440 786 511 839 Et
544 783 902 858 contempsit,
934 782 1085 857 aquis
1119 780 1418 852 insultans,
1453 801 1735 836 murmura
1768 782 1956 856 ponti,

440 883 673 937 Lumine
699 881 954 957 adempto
972 923 986 951 ,
1015 881 1252 935 animam
1281 879 1608 947 moribundo
1634 899 1862 955 corpore
1891 878 2047 934 fudit.-

443 980 718 1055 Scipiades
734 1024 749 1050 ‚
778 978 907 1035 belli
932 977 1136 1034 fulmen
1155 1022 1170 1049 ‚
1201 979 1543 1055 Carthaginis
1573 979 1769 1033 horror
1787 1021 1802 1049 ‚

442 1081 579 1133 Ossa
609 1078 756 1132 dedit
787 1090 944 1132 terrae
963 1120 977 1148 ‚
1013 1077 1242 1152 proinde
1271 1098 1335 1132 ac
1361 1077 1529 1132 famul
1557 1077 1774 1132 infimus
1802 1090 1956 1133 esset.

440 1175 595 1230 Adde
623 1186 928 1249 repertores
955 1175 1331 1230 doctrinarum
1365 1186 1527 1249 atque
1559 1174 1843 1251 leporum3

439 1273 594 1328 Adde
623 1271 1038 1327 Heliconiadum
1068 1273 1320 1342 comites;
1354 1293 1590 1347 quorum
1624 1293 1767 1328 unus
1802 1278 2069 1330 Homerus
2088 1318 2102 1344 ‚

441 1373 666 1446 Sceptra
699 1372 936 1446 potituS‚
967 1370 1154 1426 eadem
1187 1369 1304 1425 aliis
1334 1370 1530 1446 sopitu’
1557 1372 1739 1446 quiete
1767 1384 1866 1426 est.

437 1470 723 1545 Denique,
756 1470 1135 1526 Democritum
1168 1480 1457 1546 postquam
1491 1481 1706 1524 matura
1737 1481 1977 1525 vetustas

437 1569 740 1626 Admonuit
765 1590 1063 1625 memorem
1091 1579 1270 1624 motus
1302 1568 1650 1645 languescere
1684 1569 1913 1640 mentis,

439 1669 646 1743 Sponte
678 1689 775 1724 sua
805 1667 954 1724 letho
981 1680 1148 1744 caput
1175 1668 1368 1723 obvius
1398 1667 1597 1724 obtulit
1631 1669 1761 1744 ipse.

435 1768 558 1840 Ipse
584 1769 852 1843 Epicurus
879 1767 995 1823 obit
1013 1811 1028 1839 ,
1065 1768 1296 1822 decurso
1330 1766 1535 1823 lumi-ne
1564 1768 1687 1823 vitae
1707 1809 1721 1838 ,

436 1862 553 1935 Qui
585 1887 754 1942 genus
788 1868 1088 1922 humanum
1118 1867 1339 1943 ingenio
1372 1867 1682 1942 superavit,
1717 1877 1770 1922 et
1803 1886 1990 1921 omnes

433 1965 773 2036 Praestinxit,
803 1964 981 2021 stellas
1010 1977 1231 2020 exortus
1261 1966 1343 2020 uti
1372 1966 1624 2020 aetherius
1654 1963 1752 2020 sol.

514 2064 599 2117 Tu
628 2084 759 2118 vero
790 2063 1064 2119 dubitabis
1082 2107 1096 2135 ,
1125 2075 1178 2119 et
1204 2063 1559 2140 indignabere
1593 2063 1746 2118 obir‘e
1763 2107 1778 2134 ‚

432 2162 657 2216 Mortua
691 2162 822 2236 quoi
856 2163 970 2217 vita
996 2174 1078 2217 est
1104 2181 1276 2237 prope
1302 2163 1416 2237 jam
1445 2163 1571 2217 vivo
1599 2173 1764 2237 atque
1789 2162 2035 2217 videnti?

435 2259 550 2330 Qui
586 2281 778 2316 somno
812 2273 1024 2337 partem
1056 2261 1320 2336 majorem
1354 2262 1593 2316 conteris
1625 2259 1770 2316 aevi?

431 2360 503 2412 Et
534 2350 769 2434 vigilans
798 2360 978 2414 stertis
996 2402 1011 2430 ‚
1043 2380 1144 2414 nec
1179 2360 1391 2415 somnia
1420 2379 1644 2415 cernere
1677 2379 1849 2415 cessas
1867 2402 1880 2429 ‚

433 2455 842 2532 Sollicitamque
871 2457 1013 2533 geris
1043 2477 1192 2512 cassa
1220 2456 1512 2513 formidine
1545 2458 1825 2514 mentem?

432 2556 549 2611 Nec
578 2555 816 2631 reperire
847 2566 1001 2630 potes
1021 2597 1036 2625 ‚
1067 2555 1200 2630 quid
1228 2555 1297 2610 sit
1325 2555 1425 2610 tibi
1454 2576 1596 2632 saepe
1628 2556 1791 2628 mali,
1818 2577 1987 2632 quum

431 2654 632 2709 Ebrius
667 2656 876 2731 urgeris
905 2653 1091 2710 multis
1119 2655 1285 2710 miser
1315 2655 1557 2731 undique
1587 2657 1730 2711 curis
1749 2699 1765 2728 ‚

432 2755 614 2828 Atque
643 2753 811 2808 animi
844 2754 1052 2810 incerto
1083 2752 1304 2809 fluitans
1331 2774 1515 2809 errore
1544 2753 1791 2831 vagaris?

512 2853 570 2907 Si
605 2865 826 2929 possent
858 2853 1139 2925 homineS‚
1177 2854 1407 2930 proinde
1438 2874 1502 2910 ac
1537 2855 1737 2910 sentire
1770 2854 2029 2910 videntur

428 2951 648 3007 Pondus
684 2953 859 3009 inesse
892 2955 1108 3022 animo,
1142 2953 1290 3030 quod
1324 2974 1380 3009 se
1417 2954 1682 3030 gravitate
1715 2953 1936 3031 fatiget,

429 3053 498 3105 Et
527 3051 725 3126 quibus
756 3051 813 3106 id
845 3051 942 3107 fiat
972 3053 1146 3108 causis
1175 3073 1530 3130 cognoscere,
1565 3065 1617 3108 et
1646 3053 1793 3108 unde

431 3152 605 3204 Tanta
634 3149 762 3205 mali
791 3163 1063 3227 tanquam⁴
1084 3150 1253 3207 moles
1281 3152 1337 3206 in
1364 3164 1583 3234 pectore
1611 3163 1855 3222 constet3

429 3248 590 3302 Haud
620 3250 695 3303 ita
722 3251 892 3305 vitam
921 3262 1174 3327 agerent,
1204 3263 1266 3306 ut
1295 3272 1442 3306 nunc
1471 3250 1792 3327 plerumque
1820 3248 2100 3320 videmUS,
