<?xml version="1.0" encoding="UTF-8"?>
<!DOCTYPE html PUBLIC "-//W3C//DTD XHTML 1.0 Transitional//EN"
    "http://www.w3.org/TR/xhtml1/DTD/xhtml1-transitional.dtd">
<html xmlns="http://www.w3.org/1999/xhtml" xml:lang="en" lang="en">
 <head>
  <title>
</title>
<meta http-equiv="Content-Type" content="text/html;charset=utf-8" />
  <meta name='ocr-system' content='tesseract 3.04.00' />
  <meta name='ocr-capabilities' content='ocr_page ocr_carea ocr_par ocr_line ocrx_word'/>
</head>
<body>
  <div class='ocr_page' id='page_1' title='image "./dererumnaturali00lucruoft_0054.png"; bbox 0 0 2340 3926; ppageno 0'>
   <div class='ocr_carea' id='block_1_1' title="bbox 427 213 2121 307">
    <p class='ocr_par' dir='ltr' id='par_1_1' title="bbox 427 213 2121 307">
     <span class='ocr_line' id='line_1_1' title="bbox 427 213 2121 307; baseline -0.012 -8"><span class='ocrx_word' id='word_1_1' title='bbox 427 256 485 307; x_wconf 75' lang='lat'><strong>34</strong></span> <span class='ocrx_word' id='word_1_2' title='bbox 997 251 1050 293; x_wconf 83' lang='lat' dir='ltr'><strong>T.</strong></span> <span class='ocrx_word' id='word_1_3' title='bbox 1087 247 1383 292; x_wconf 82' lang='lat' dir='ltr'>LUCRETH</span> <span class='ocrx_word' id='word_1_4' title='bbox 1419 246 1559 289; x_wconf 63' lang='lat' dir='ltr'><strong>cml</strong></span> <span class='ocrx_word' id='word_1_5' title='bbox 1850 213 1854 216; x_wconf 43' lang='lat'><strong>⁴</strong></span> <span class='ocrx_word' id='word_1_6' title='bbox 1940 242 2121 293; x_wconf 39' lang='grc' dir='ltr'><strong>(ἥψω.)</strong></span> 
     </span>
    </p>
   </div>
   <div class='ocr_carea' id='block_1_2' title="bbox 363 345 1993 3276">
    <p class='ocr_par' dir='ltr' id='par_1_2' title="bbox 363 345 1993 3276">
     <span class='ocr_line' id='line_1_2' title="bbox 424 345 1689 426; baseline -0.011 -13"><span class='ocrx_word' id='word_1_7' title='bbox 424 360 725 424; x_wconf 68' lang='lat' dir='ltr'><strong>Extremas7</strong></span> <span class='ocrx_word' id='word_1_8' title='bbox 757 370 993 426; x_wconf 85' lang='lat' dir='ltr'><strong>quaeram</strong></span> <span class='ocrx_word' id='word_1_9' title='bbox 1023 350 1154 426; x_wconf 91' lang='lat' dir='ltr'><strong>quid</strong></span> <span class='ocrx_word' id='word_1_10' title='bbox 1183 347 1293 404; x_wconf 87' lang='lat' dir='ltr'><strong>telo</strong></span> <span class='ocrx_word' id='word_1_11' title='bbox 1322 347 1553 422; x_wconf 90' lang='lat' dir='ltr'><strong>denique</strong></span> <span class='ocrx_word' id='word_1_12' title='bbox 1579 345 1689 400; x_wconf 90' lang='lat' dir='ltr'><strong>fiat.</strong></span> 
     </span>
     <span class='ocr_line' id='line_1_3' title="bbox 422 445 1646 525; baseline -0.011 -15"><span class='ocrx_word' id='word_1_13' title='bbox 422 445 539 515; x_wconf 89' lang='lat' dir='ltr'><strong>Fiet</strong></span> <span class='ocrx_word' id='word_1_14' title='bbox 569 453 648 508; x_wconf 90' lang='lat' dir='ltr'><strong>uti</strong></span> <span class='ocrx_word' id='word_1_15' title='bbox 676 461 944 525; x_wconf 84' lang='lat' dir='ltr'><strong>nusquam</strong></span> <span class='ocrx_word' id='word_1_16' title='bbox 971 450 1140 525; x_wconf 87' lang='lat' dir='ltr'>possit</span> <span class='ocrx_word' id='word_1_17' title='bbox 1173 448 1464 502; x_wconf 79' lang='lat' dir='ltr'><strong>consistere</strong></span> <span class='ocrx_word' id='word_1_18' title='bbox 1492 445 1612 499; x_wconf 89' lang='lat' dir='ltr'><strong>finis</strong></span> <span class='ocrx_word' id='word_1_19' title='bbox 1631 487 1646 513; x_wconf 89' lang='lat'>‚</span> 
     </span>
     <span class='ocr_line' id='line_1_4' title="bbox 423 544 1674 627; baseline -0.01 -19"><span class='ocrx_word' id='word_1_20' title='bbox 423 552 806 627; x_wconf 84' lang='lat' dir='ltr'><strong>Effugiumque</strong></span> <span class='ocrx_word' id='word_1_21' title='bbox 843 547 982 624; x_wconf 84' lang='lat' dir='ltr'><strong>fugae</strong></span> <span class='ocrx_word' id='word_1_22' title='bbox 1008 544 1240 622; x_wconf 79' lang='lat' dir='ltr'>prolatet</span> <span class='ocrx_word' id='word_1_23' title='bbox 1266 545 1418 618; x_wconf 87' lang='lat' dir='ltr'><strong>copia</strong></span> <span class='ocrx_word' id='word_1_24' title='bbox 1447 561 1674 617; x_wconf 82' lang='lat' dir='ltr'><strong>semper.·</strong></span> 
     </span>
     <span class='ocr_line' id='line_1_5' title="bbox 502 642 1697 722; baseline -0.01 -16"><span class='ocrx_word' id='word_1_25' title='bbox 502 655 793 718; x_wconf 85' lang='lat' dir='ltr'><strong>Praeterea‚</strong></span> <span class='ocrx_word' id='word_1_26' title='bbox 821 647 1055 722; x_wconf 89' lang='lat' dir='ltr'><strong>spatium</strong></span> <span class='ocrx_word' id='word_1_27' title='bbox 1083 643 1314 699; x_wconf 89' lang='lat' dir='ltr'><strong>summai</strong></span> <span class='ocrx_word' id='word_1_28' title='bbox 1340 642 1510 696; x_wconf 90' lang='lat' dir='ltr'><strong>totius</strong></span> <span class='ocrx_word' id='word_1_29' title='bbox 1538 660 1697 696; x_wconf 91' lang='lat' dir='ltr'><strong>omne</strong></span> 
     </span>
     <span class='ocr_line' id='line_1_6' title="bbox 425 739 1752 823; baseline -0.011 -18"><span class='ocrx_word' id='word_1_30' title='bbox 425 749 678 823; x_wconf 89' lang='lat' dir='ltr'>Undique</span> <span class='ocrx_word' id='word_1_31' title='bbox 706 748 749 801; x_wconf 90' lang='lat' dir='ltr'><strong>si</strong></span> <span class='ocrx_word' id='word_1_32' title='bbox 778 743 1049 799; x_wconf 89' lang='lat' dir='ltr'><strong>inclusum</strong></span> <span class='ocrx_word' id='word_1_33' title='bbox 1078 742 1237 797; x_wconf 80' lang='lat' dir='ltr'><strong>certis</strong></span> <span class='ocrx_word' id='word_1_34' title='bbox 1267 741 1584 795; x_wconf 87' lang='lat' dir='ltr'>consisteret</span> <span class='ocrx_word' id='word_1_35' title='bbox 1618 739 1752 807; x_wconf 84' lang='lat' dir='ltr'><strong>oris,</strong></span> 
     </span>
     <span class='ocr_line' id='line_1_7' title="bbox 425 836 1578 919; baseline -0.012 -16"><span class='ocrx_word' id='word_1_36' title='bbox 425 848 773 919; x_wconf 90' lang='lat' dir='ltr'><strong>Finitumque</strong></span> <span class='ocrx_word' id='word_1_37' title='bbox 802 843 973 914; x_wconf 80' lang='lat' dir='ltr'><strong>foret,</strong></span> <span class='ocrx_word' id='word_1_38' title='bbox 1000 843 1113 917; x_wconf 87' lang='lat' dir='ltr'><strong>jam</strong></span> <span class='ocrx_word' id='word_1_39' title='bbox 1146 839 1300 914; x_wconf 87' lang='lat' dir='ltr'><strong>copia</strong></span> <span class='ocrx_word' id='word_1_40' title='bbox 1331 836 1578 892; x_wconf 86' lang='lat' dir='ltr'><strong>materiai</strong></span> 
     </span>
     <span class='ocr_line' id='line_1_8' title="bbox 363 933 1883 1019; baseline -0.01 -19"><span class='ocrx_word' id='word_1_41' title='bbox 363 950 371 962; x_wconf 61' lang='lat'>⁸</span> <span class='ocrx_word' id='word_1_42' title='bbox 427 944 685 1019; x_wconf 85' lang='lat' dir='ltr'><strong>Undique</strong></span> <span class='ocrx_word' id='word_1_43' title='bbox 716 940 1045 1017; x_wconf 85' lang='lat' dir='ltr'><strong>ponderibus</strong></span> <span class='ocrx_word' id='word_1_44' title='bbox 1074 936 1259 993; x_wconf 88' lang='lat' dir='ltr'><strong>solidis</strong></span> <span class='ocrx_word' id='word_1_45' title='bbox 1289 935 1563 991; x_wconf 84' lang='lat' dir='ltr'><strong>confluxet</strong></span> <span class='ocrx_word' id='word_1_46' title='bbox 1589 933 1658 988; x_wconf 87' lang='lat' dir='ltr'><strong>ad</strong></span> <span class='ocrx_word' id='word_1_47' title='bbox 1687 934 1883 998; x_wconf 80' lang='lat' dir='ltr'><strong>imum3</strong></span> 
     </span>
     <span class='ocr_line' id='line_1_9' title="bbox 426 1034 1732 1115; baseline -0.009 -17"><span class='ocrx_word' id='word_1_48' title='bbox 426 1045 544 1100; x_wconf 88' lang='lat' dir='ltr'><strong>Nec</strong></span> <span class='ocrx_word' id='word_1_49' title='bbox 573 1062 658 1095; x_wconf 90' lang='lat' dir='ltr'><strong>res</strong></span> <span class='ocrx_word' id='word_1_50' title='bbox 686 1038 795 1094; x_wconf 85' lang='lat' dir='ltr'><strong>ulla</strong></span> <span class='ocrx_word' id='word_1_51' title='bbox 827 1040 949 1115; x_wconf 85' lang='lat' dir='ltr'><strong>geni</strong></span> <span class='ocrx_word' id='word_1_52' title='bbox 981 1038 1081 1093; x_wconf 91' lang='lat' dir='ltr'><strong>sub</strong></span> <span class='ocrx_word' id='word_1_53' title='bbox 1108 1034 1227 1092; x_wconf 84' lang='lat' dir='ltr'><strong>coeli</strong></span> <span class='ocrx_word' id='word_1_54' title='bbox 1253 1035 1490 1111; x_wconf 86' lang='lat' dir='ltr'><strong>tegmine</strong></span> <span class='ocrx_word' id='word_1_55' title='bbox 1520 1045 1732 1110; x_wconf 79' lang='lat' dir='ltr'><strong>posset3</strong></span> 
     </span>
     <span class='ocr_line' id='line_1_10' title="bbox 426 1130 1863 1209; baseline -0.007 -15"><span class='ocrx_word' id='word_1_56' title='bbox 426 1142 542 1196; x_wconf 86' lang='lat' dir='ltr'><strong>Nee</strong></span> <span class='ocrx_word' id='word_1_57' title='bbox 571 1139 711 1193; x_wconf 90' lang='lat' dir='ltr'><strong>foret</strong></span> <span class='ocrx_word' id='word_1_58' title='bbox 741 1138 964 1192; x_wconf 90' lang='lat' dir='ltr'><strong>omnino</strong></span> <span class='ocrx_word' id='word_1_59' title='bbox 990 1135 1209 1204; x_wconf 85' lang='lat' dir='ltr'><strong>coelum,</strong></span> <span class='ocrx_word' id='word_1_60' title='bbox 1247 1154 1422 1209; x_wconf 90' lang='lat' dir='ltr'><strong>neque</strong></span> <span class='ocrx_word' id='word_1_61' title='bbox 1456 1132 1663 1188; x_wconf 89' lang='lat' dir='ltr'><strong>lumina</strong></span> <span class='ocrx_word' id='word_1_62' title='bbox 1692 1130 1816 1186; x_wconf 90' lang='lat' dir='ltr'><strong>solis</strong></span> <span class='ocrx_word' id='word_1_63' title='bbox 1852 1151 1863 1184; x_wconf 85' lang='lat' dir='ltr'><strong><em>z</em></strong></span> 
     </span>
     <span class='ocr_line' id='line_1_11' title="bbox 427 1231 1815 1311; baseline -0.004 -21"><span class='ocrx_word' id='word_1_64' title='bbox 427 1238 647 1311; x_wconf 85' lang='lat' dir='ltr'><strong>Quippe</strong></span> <span class='ocrx_word' id='word_1_65' title='bbox 681 1236 774 1289; x_wconf 92' lang='lat' dir='ltr'><strong>ubi</strong></span> <span class='ocrx_word' id='word_1_66' title='bbox 805 1235 1055 1288; x_wconf 88' lang='lat' dir='ltr'><strong>materies</strong></span> <span class='ocrx_word' id='word_1_67' title='bbox 1084 1234 1261 1288; x_wconf 91' lang='lat' dir='ltr'><strong>omnis</strong></span> <span class='ocrx_word' id='word_1_68' title='bbox 1290 1231 1566 1287; x_wconf 84' lang='lat' dir='ltr'><strong>cumulata</strong></span> <span class='ocrx_word' id='word_1_69' title='bbox 1588 1233 1815 1307; x_wconf 82' lang='lat' dir='ltr'><strong>jaceret,</strong></span> 
     </span>
     <span class='ocr_line' id='line_1_12' title="bbox 426 1329 1536 1406; baseline -0.005 -17"><span class='ocrx_word' id='word_1_70' title='bbox 426 1338 509 1390; x_wconf 86' lang='lat' dir='ltr'><strong>Ex</strong></span> <span class='ocrx_word' id='word_1_71' title='bbox 539 1332 751 1386; x_wconf 86' lang='lat' dir='ltr'><strong>infinito</strong></span> <span class='ocrx_word' id='word_1_72' title='bbox 777 1332 890 1406; x_wconf 89' lang='lat' dir='ltr'><strong>jam</strong></span> <span class='ocrx_word' id='word_1_73' title='bbox 919 1343 1162 1405; x_wconf 88' lang='lat' dir='ltr'><strong>tempore</strong></span> <span class='ocrx_word' id='word_1_74' title='bbox 1191 1329 1536 1384; x_wconf 90' lang='lat' dir='ltr'><strong>subsidendo.</strong></span> 
     </span>
     <span class='ocr_line' id='line_1_13' title="bbox 427 1427 1779 1503; baseline -0.004 -16"><span class='ocrx_word' id='word_1_75' title='bbox 427 1435 500 1488; x_wconf 89' lang='lat' dir='ltr'><strong>At</strong></span> <span class='ocrx_word' id='word_1_76' title='bbox 523 1446 670 1485; x_wconf 86' lang='lat' dir='ltr'><strong>nunc</strong></span> <span class='ocrx_word' id='word_1_77' title='bbox 695 1429 955 1484; x_wconf 90' lang='lat' dir='ltr'><strong>nimirum</strong></span> <span class='ocrx_word' id='word_1_78' title='bbox 988 1428 1199 1503; x_wconf 87' lang='lat' dir='ltr'><strong>requies</strong></span> <span class='ocrx_word' id='word_1_79' title='bbox 1229 1427 1356 1481; x_wconf 89' lang='lat' dir='ltr'><strong>data</strong></span> <span class='ocrx_word' id='word_1_80' title='bbox 1381 1427 1779 1502; x_wconf 89' lang='lat' dir='ltr'><strong>principiorum</strong></span> 
     </span>
     <span class='ocr_line' id='line_1_14' title="bbox 429 1525 1975 1606; baseline -0.005 -19"><span class='ocrx_word' id='word_1_81' title='bbox 429 1530 761 1606; x_wconf 89' lang='lat' dir='ltr'><strong>Corporibus</strong></span> <span class='ocrx_word' id='word_1_82' title='bbox 790 1527 941 1583; x_wconf 88' lang='lat' dir='ltr'><strong>nulla</strong></span> <span class='ocrx_word' id='word_1_83' title='bbox 971 1538 1050 1582; x_wconf 89' lang='lat' dir='ltr'><strong>est</strong></span> <span class='ocrx_word' id='word_1_84' title='bbox 1080 1548 1091 1581; x_wconf 78' lang='lat' dir='ltr'><strong><em>z</em></strong></span> <span class='ocrx_word' id='word_1_85' title='bbox 1128 1528 1256 1602; x_wconf 92' lang='lat' dir='ltr'><strong>quia</strong></span> <span class='ocrx_word' id='word_1_86' title='bbox 1284 1525 1361 1581; x_wconf 88' lang='lat' dir='ltr'><strong>nil</strong></span> <span class='ocrx_word' id='word_1_87' title='bbox 1387 1538 1466 1582; x_wconf 91' lang='lat' dir='ltr'><strong>est</strong></span> <span class='ocrx_word' id='word_1_88' title='bbox 1495 1525 1739 1581; x_wconf 91' lang='lat' dir='ltr'><strong>funditus</strong></span> <span class='ocrx_word' id='word_1_89' title='bbox 1775 1526 1975 1595; x_wconf 85' lang='lat' dir='ltr'><strong>imum,</strong></span> 
     </span>
     <span class='ocr_line' id='line_1_15' title="bbox 428 1625 1963 1705; baseline -0.005 -19"><span class='ocrx_word' id='word_1_90' title='bbox 428 1634 557 1703; x_wconf 85' lang='lat' dir='ltr'><strong>Quo</strong></span> <span class='ocrx_word' id='word_1_91' title='bbox 594 1629 746 1705; x_wconf 81' lang='lat' dir='ltr'><strong>quasi</strong></span> <span class='ocrx_word' id='word_1_92' title='bbox 774 1627 1050 1683; x_wconf 87' lang='lat' dir='ltr'><strong>confluere</strong></span> <span class='ocrx_word' id='word_1_93' title='bbox 1068 1668 1083 1697; x_wconf 86' lang='lat'><strong><em>‚</em></strong></span> <span class='ocrx_word' id='word_1_94' title='bbox 1114 1637 1168 1680; x_wconf 90' lang='lat' dir='ltr'><strong>et</strong></span> <span class='ocrx_word' id='word_1_95' title='bbox 1198 1625 1347 1681; x_wconf 87' lang='lat' dir='ltr'><strong>sedes</strong></span> <span class='ocrx_word' id='word_1_96' title='bbox 1372 1626 1466 1681; x_wconf 89' lang='lat' dir='ltr'><strong>ubi</strong></span> <span class='ocrx_word' id='word_1_97' title='bbox 1495 1645 1697 1699; x_wconf 90' lang='lat' dir='ltr'><strong>ponere</strong></span> <span class='ocrx_word' id='word_1_98' title='bbox 1731 1625 1963 1700; x_wconf 85' lang='lat' dir='ltr'><strong>possint;</strong></span> 
     </span>
     <span class='ocr_line' id='line_1_16' title="bbox 432 1725 1837 1803; baseline -0.005 -19"><span class='ocrx_word' id='word_1_99' title='bbox 432 1731 654 1803; x_wconf 91' lang='lat' dir='ltr'><strong>Semper</strong></span> <span class='ocrx_word' id='word_1_100' title='bbox 681 1739 734 1781; x_wconf 92' lang='lat' dir='ltr'><strong>et</strong></span> <span class='ocrx_word' id='word_1_101' title='bbox 768 1725 985 1781; x_wconf 91' lang='lat' dir='ltr'><strong>assiduo</strong></span> <span class='ocrx_word' id='word_1_102' title='bbox 1012 1739 1165 1783; x_wconf 88' lang='lat' dir='ltr'><strong>motu</strong></span> <span class='ocrx_word' id='word_1_103' title='bbox 1192 1746 1277 1781; x_wconf 89' lang='lat' dir='ltr'><strong>res</strong></span> <span class='ocrx_word' id='word_1_104' title='bbox 1305 1745 1531 1800; x_wconf 87' lang='lat' dir='ltr'><strong>quaeque</strong></span> <span class='ocrx_word' id='word_1_105' title='bbox 1561 1736 1837 1801; x_wconf 83' lang='lat' dir='ltr'><strong>genuntur</strong></span> 
     </span>
     <span class='ocr_line' id='line_1_17' title="bbox 430 1823 1818 1899; baseline -0.003 -19"><span class='ocrx_word' id='word_1_106' title='bbox 430 1825 680 1882; x_wconf 87' lang='lat' dir='ltr'><strong>Partibus</strong></span> <span class='ocrx_word' id='word_1_107' title='bbox 709 1825 765 1878; x_wconf 86' lang='lat' dir='ltr'><strong>in</strong></span> <span class='ocrx_word' id='word_1_108' title='bbox 796 1825 1030 1895; x_wconf 82' lang='lat' dir='ltr'><strong>cunctiS‚</strong></span> <span class='ocrx_word' id='word_1_109' title='bbox 1064 1837 1373 1899; x_wconf 87' lang='lat' dir='ltr'><strong>aeternaque</strong></span> <span class='ocrx_word' id='word_1_110' title='bbox 1400 1823 1818 1899; x_wconf 81' lang='lat' dir='ltr'><strong>suppeditantur</strong></span> 
     </span>
     <span class='ocr_line' id='line_1_18' title="bbox 430 1922 1538 1999; baseline -0.003 -20"><span class='ocrx_word' id='word_1_111' title='bbox 430 1927 512 1979; x_wconf 83' lang='lat' dir='ltr'><strong>Ex</strong></span> <span class='ocrx_word' id='word_1_112' title='bbox 540 1922 753 1978; x_wconf 89' lang='lat' dir='ltr'><strong>infinito</strong></span> <span class='ocrx_word' id='word_1_113' title='bbox 783 1924 889 1978; x_wconf 86' lang='lat' dir='ltr'><strong>cita</strong></span> <span class='ocrx_word' id='word_1_114' title='bbox 920 1943 1148 1999; x_wconf 88' lang='lat' dir='ltr'><strong>corpora</strong></span> <span class='ocrx_word' id='word_1_115' title='bbox 1174 1923 1433 1978; x_wconf 86' lang='lat' dir='ltr'><strong>materiai.</strong></span> <span class='ocrx_word' id='word_1_116' title='bbox 1532 1985 1538 1990; x_wconf 28' lang='lat'>¹</span> 
     </span>
     <span class='ocr_line' id='line_1_19' title="bbox 510 2019 1896 2084; baseline -0.002 -9"><span class='ocrx_word' id='word_1_117' title='bbox 510 2025 791 2076; x_wconf 88' lang='lat' dir='ltr'><strong>Postremo</strong></span> <span class='ocrx_word' id='word_1_118' title='bbox 825 2034 951 2076; x_wconf 86' lang='lat' dir='ltr'><strong>ante</strong></span> <span class='ocrx_word' id='word_1_119' title='bbox 981 2020 1165 2076; x_wconf 90' lang='lat' dir='ltr'><strong>oculos</strong></span> <span class='ocrx_word' id='word_1_120' title='bbox 1195 2042 1311 2077; x_wconf 92' lang='lat' dir='ltr'><strong>rem</strong></span> <span class='ocrx_word' id='word_1_121' title='bbox 1339 2041 1424 2084; x_wconf 80' lang='lat' dir='ltr'><strong>res</strong></span> <span class='ocrx_word' id='word_1_122' title='bbox 1452 2020 1608 2075; x_wconf 88' lang='lat' dir='ltr'><strong>finire</strong></span> <span class='ocrx_word' id='word_1_123' title='bbox 1636 2019 1854 2074; x_wconf 89' lang='lat' dir='ltr'><strong>videtur</strong></span> <span class='ocrx_word' id='word_1_124' title='bbox 1885 2040 1896 2072; x_wconf 73' lang='grc' dir='ltr'>ε</span> 
     </span>
     <span class='ocr_line' id='line_1_20' title="bbox 433 2119 1632 2195; baseline -0.001 -22"><span class='ocrx_word' id='word_1_125' title='bbox 433 2122 540 2179; x_wconf 92' lang='lat' dir='ltr'><strong>Aer</strong></span> <span class='ocrx_word' id='word_1_126' title='bbox 570 2119 792 2195; x_wconf 88' lang='lat' dir='ltr'><strong>dissepit</strong></span> <span class='ocrx_word' id='word_1_127' title='bbox 819 2119 984 2175; x_wconf 66' lang='lat' dir='ltr'><strong>colles*</strong></span> <span class='ocrx_word' id='word_1_128' title='bbox 1003 2163 1017 2191; x_wconf 88' lang='lat'><strong><em>‚</em></strong></span> <span class='ocrx_word' id='word_1_129' title='bbox 1052 2133 1216 2195; x_wconf 80' lang='lat' dir='ltr'><strong>&#39;atque</strong></span> <span class='ocrx_word' id='word_1_130' title='bbox 1245 2140 1369 2174; x_wconf 87' lang='lat' dir='ltr'><strong>aera</strong></span> <span class='ocrx_word' id='word_1_131' title='bbox 1397 2131 1632 2193; x_wconf 20' lang='lat' dir='ltr'><strong>montes-3</strong></span> 
     </span>
     <span class='ocr_line' id='line_1_21' title="bbox 433 2217 1993 2288; baseline -0.001 -17"><span class='ocrx_word' id='word_1_132' title='bbox 433 2220 599 2272; x_wconf 88' lang='lat' dir='ltr'><strong>Terra</strong></span> <span class='ocrx_word' id='word_1_133' title='bbox 626 2237 774 2271; x_wconf 88' lang='lat' dir='ltr'><strong>mare</strong></span> <span class='ocrx_word' id='word_1_134' title='bbox 793 2259 807 2288; x_wconf 88' lang='lat'>,</span> <span class='ocrx_word' id='word_1_135' title='bbox 837 2229 891 2272; x_wconf 90' lang='lat' dir='ltr'><strong>et</strong></span> <span class='ocrx_word' id='word_1_136' title='bbox 917 2230 1108 2274; x_wconf 86' lang='lat' dir='ltr'><strong>contra</strong></span> <span class='ocrx_word' id='word_1_137' title='bbox 1135 2237 1283 2271; x_wconf 90' lang='lat' dir='ltr'><strong>mare</strong></span> <span class='ocrx_word' id='word_1_138' title='bbox 1307 2229 1478 2271; x_wconf 88' lang='lat' dir='ltr'><strong>terras</strong></span> <span class='ocrx_word' id='word_1_139' title='bbox 1508 2217 1764 2270; x_wconf 88' lang='lat' dir='ltr'><strong>terminat</strong></span> <span class='ocrx_word' id='word_1_140' title='bbox 1792 2235 1993 2269; x_wconf 73' lang='lat' dir='ltr'><strong>omnes·</strong></span> 
     </span>
     <span class='ocr_line' id='line_1_22' title="bbox 435 2313 1850 2389; baseline -0.001 -20"><span class='ocrx_word' id='word_1_141' title='bbox 435 2318 614 2370; x_wconf 91' lang='lat' dir='ltr'><strong>Omne</strong></span> <span class='ocrx_word' id='word_1_142' title='bbox 643 2315 864 2389; x_wconf 89' lang='lat' dir='ltr'><strong>quidem</strong></span> <span class='ocrx_word' id='word_1_143' title='bbox 893 2335 1021 2369; x_wconf 89' lang='lat' dir='ltr'><strong>vero</strong></span> <span class='ocrx_word' id='word_1_144' title='bbox 1050 2313 1187 2369; x_wconf 88' lang='lat' dir='ltr'><strong>nihil</strong></span> <span class='ocrx_word' id='word_1_145' title='bbox 1216 2325 1296 2369; x_wconf 89' lang='lat' dir='ltr'><strong>est</strong></span> <span class='ocrx_word' id='word_1_146' title='bbox 1331 2313 1479 2388; x_wconf 93' lang='lat' dir='ltr'><strong>quod</strong></span> <span class='ocrx_word' id='word_1_147' title='bbox 1503 2313 1655 2368; x_wconf 86' lang='lat' dir='ltr'><strong>finiat</strong></span> <span class='ocrx_word' id='word_1_148' title='bbox 1683 2325 1850 2368; x_wconf 85' lang='lat' dir='ltr'><strong>extra.</strong></span> 
     </span>
     <span class='ocr_line' id='line_1_23' title="bbox 434 2410 1807 2488; baseline -0.001 -21"><span class='ocrx_word' id='word_1_149' title='bbox 434 2415 533 2467; x_wconf 88' lang='lat' dir='ltr'><strong>Est</strong></span> <span class='ocrx_word' id='word_1_150' title='bbox 562 2412 727 2488; x_wconf 85' lang='lat' dir='ltr'><strong>igitur</strong></span> <span class='ocrx_word' id='word_1_151' title='bbox 757 2424 954 2466; x_wconf 88' lang='lat' dir='ltr'><strong>natura</strong></span> <span class='ocrx_word' id='word_1_152' title='bbox 981 2410 1115 2482; x_wconf 86' lang='lat' dir='ltr'><strong>loci,</strong></span> <span class='ocrx_word' id='word_1_153' title='bbox 1145 2412 1488 2486; x_wconf 89' lang='lat' dir='ltr'><strong>spatiumque</strong></span> <span class='ocrx_word' id='word_1_154' title='bbox 1518 2410 1807 2487; x_wconf 81' lang='lat' dir='ltr'><strong>profundi,</strong></span> 
     </span>
     <span class='ocr_line' id='line_1_24' title="bbox 434 2508 1888 2585; baseline -0.003 -19"><span class='ocrx_word' id='word_1_155' title='bbox 434 2510 602 2583; x_wconf 84' lang='lat' dir='ltr'><strong>Quod</strong></span> <span class='ocrx_word' id='word_1_156' title='bbox 629 2530 803 2585; x_wconf 91' lang='lat' dir='ltr'><strong>neque</strong></span> <span class='ocrx_word' id='word_1_157' title='bbox 829 2508 975 2564; x_wconf 87' lang='lat' dir='ltr'><strong>clara</strong></span> <span class='ocrx_word' id='word_1_158' title='bbox 1002 2528 1101 2565; x_wconf 91' lang='lat' dir='ltr'><strong>suo</strong></span> <span class='ocrx_word' id='word_1_159' title='bbox 1130 2528 1446 2584; x_wconf 88' lang='lat' dir='ltr'><strong>percurrere</strong></span> <span class='ocrx_word' id='word_1_160' title='bbox 1475 2508 1700 2563; x_wconf 90' lang='lat' dir='ltr'><strong>flumina</strong></span> <span class='ocrx_word' id='word_1_161' title='bbox 1727 2529 1888 2564; x_wconf 89' lang='lat' dir='ltr'><strong>cursu</strong></span> 
     </span>
     <span class='ocr_line' id='line_1_25' title="bbox 435 2605 1576 2685; baseline -0.004 -20"><span class='ocrx_word' id='word_1_162' title='bbox 435 2612 707 2685; x_wconf 89' lang='lat' dir='ltr'><strong>Perpetuo</strong></span> <span class='ocrx_word' id='word_1_163' title='bbox 735 2609 945 2684; x_wconf 89' lang='lat' dir='ltr'><strong>possin-t</strong></span> <span class='ocrx_word' id='word_1_164' title='bbox 972 2608 1071 2663; x_wconf 82' lang='lat' dir='ltr'><strong>aevi</strong></span> <span class='ocrx_word' id='word_1_165' title='bbox 1099 2605 1336 2666; x_wconf 87' lang='lat' dir='ltr'><strong>labentia</strong></span> <span class='ocrx_word' id='word_1_166' title='bbox 1365 2619 1541 2662; x_wconf 86' lang='lat' dir='ltr'><strong>tractu</strong></span> <span class='ocrx_word' id='word_1_167' title='bbox 1561 2648 1576 2677; x_wconf 89' lang='lat'>‚</span> 
     </span>
     <span class='ocr_line' id='line_1_26' title="bbox 388 2707 1970 2792; baseline -0.004 -26"><span class='ocrx_word' id='word_1_168' title='bbox 388 2785 394 2792; x_wconf 88' lang='lat'><em>.</em></span> <span class='ocrx_word' id='word_1_169' title='bbox 437 2711 553 2767; x_wconf 89' lang='lat' dir='ltr'><strong>Nec</strong></span> <span class='ocrx_word' id='word_1_170' title='bbox 578 2728 831 2785; x_wconf 90' lang='lat' dir='ltr'><strong>prorsum</strong></span> <span class='ocrx_word' id='word_1_171' title='bbox 857 2707 1030 2762; x_wconf 87' lang='lat' dir='ltr'><strong>facere</strong></span> <span class='ocrx_word' id='word_1_172' title='bbox 1059 2718 1121 2762; x_wconf 87' lang='lat' dir='ltr'><strong>ut</strong></span> <span class='ocrx_word' id='word_1_173' title='bbox 1152 2712 1317 2762; x_wconf 88' lang='lat' dir='ltr'><strong>restet</strong></span> <span class='ocrx_word' id='word_1_174' title='bbox 1349 2707 1527 2761; x_wconf 90' lang='lat' dir='ltr'><strong>minus</strong></span> <span class='ocrx_word' id='word_1_175' title='bbox 1558 2707 1636 2771; x_wconf 83' lang='lat' dir='ltr'><strong>ire</strong></span> <span class='ocrx_word' id='word_1_176' title='bbox 1654 2748 1669 2776; x_wconf 90' lang='lat'>‚</span> <span class='ocrx_word' id='word_1_177' title='bbox 1697 2707 1926 2761; x_wconf 86' lang='lat' dir='ltr'><strong>meando</strong></span> <span class='ocrx_word' id='word_1_178' title='bbox 1958 2728 1970 2760; x_wconf 79' lang='lat' dir='ltr'><em>z</em></span> 
     </span>
     <span class='ocr_line' id='line_1_27' title="bbox 436 2805 1797 2883; baseline -0.003 -19"><span class='ocrx_word' id='word_1_179' title='bbox 436 2810 624 2883; x_wconf 92' lang='lat' dir='ltr'><strong>Usque</strong></span> <span class='ocrx_word' id='word_1_180' title='bbox 652 2805 787 2862; x_wconf 88' lang='lat' dir='ltr'><strong>adeo</strong></span> <span class='ocrx_word' id='word_1_181' title='bbox 812 2806 1012 2881; x_wconf 87' lang='lat' dir='ltr'><strong>passim</strong></span> <span class='ocrx_word' id='word_1_182' title='bbox 1039 2817 1188 2881; x_wconf 85' lang='lat' dir='ltr'><strong>patet</strong></span> <span class='ocrx_word' id='word_1_183' title='bbox 1215 2806 1405 2881; x_wconf 86' lang='lat' dir='ltr'><strong>ingens</strong></span> <span class='ocrx_word' id='word_1_184' title='bbox 1433 2805 1589 2880; x_wconf 88' lang='lat' dir='ltr'><strong>copia</strong></span> <span class='ocrx_word' id='word_1_185' title='bbox 1612 2805 1797 2875; x_wconf 78' lang='lat' dir='ltr'><strong>rebUS,</strong></span> 
     </span>
     <span class='ocr_line' id='line_1_28' title="bbox 438 2902 1816 2981; baseline -0.001 -21"><span class='ocrx_word' id='word_1_186' title='bbox 438 2905 659 2962; x_wconf 90' lang='lat' dir='ltr'><strong>Finibus</strong></span> <span class='ocrx_word' id='word_1_187' title='bbox 689 2905 952 2980; x_wconf 85' lang='lat' dir='ltr'><strong>exemptis</strong></span> <span class='ocrx_word' id='word_1_188' title='bbox 970 2947 985 2976; x_wconf 86' lang='lat'><strong><em>‚</em></strong></span> <span class='ocrx_word' id='word_1_189' title='bbox 1016 2905 1072 2959; x_wconf 89' lang='lat' dir='ltr'><strong>in</strong></span> <span class='ocrx_word' id='word_1_190' title='bbox 1100 2916 1323 2981; x_wconf 70' lang='lat' dir='ltr'><strong>cunctas</strong></span> <span class='ocrx_word' id='word_1_191' title='bbox 1350 2902 1590 2978; x_wconf 92' lang='lat' dir='ltr'><strong>undique</strong></span> <span class='ocrx_word' id='word_1_192' title='bbox 1620 2916 1816 2979; x_wconf 86' lang='lat' dir='ltr'><strong>partes.</strong></span> 
     </span>
     <span class='ocr_line' id='line_1_29' title="bbox 516 3003 1890 3080; baseline 0 -22"><span class='ocrx_word' id='word_1_193' title='bbox 516 3007 642 3080; x_wconf 89' lang='lat' dir='ltr'><strong>Ipsa</strong></span> <span class='ocrx_word' id='word_1_194' title='bbox 666 3003 890 3059; x_wconf 91' lang='lat' dir='ltr'><strong>modum</strong></span> <span class='ocrx_word' id='word_1_195' title='bbox 919 3024 1083 3080; x_wconf 92' lang='lat' dir='ltr'><strong>porro</strong></span> <span class='ocrx_word' id='word_1_196' title='bbox 1116 3003 1216 3058; x_wconf 91' lang='lat' dir='ltr'><strong>sibi</strong></span> <span class='ocrx_word' id='word_1_197' title='bbox 1248 3023 1433 3058; x_wconf 89' lang='lat' dir='ltr'><strong>rerum</strong></span> <span class='ocrx_word' id='word_1_198' title='bbox 1461 3023 1671 3058; x_wconf 89' lang='lat' dir='ltr'><strong>summa</strong></span> <span class='ocrx_word' id='word_1_199' title='bbox 1699 3023 1890 3078; x_wconf 88' lang='lat' dir='ltr'><strong>parare</strong></span> 
     </span>
     <span class='ocr_line' id='line_1_30' title="bbox 441 3103 1723 3181; baseline -0.002 -22"><span class='ocrx_word' id='word_1_200' title='bbox 441 3104 525 3159; x_wconf 89' lang='lat' dir='ltr'><strong>Ne</strong></span> <span class='ocrx_word' id='word_1_201' title='bbox 550 3104 719 3181; x_wconf 83' lang='lat' dir='ltr'><strong>possit</strong></span> <span class='ocrx_word' id='word_1_202' title='bbox 741 3115 937 3158; x_wconf 88' lang='lat' dir='ltr'><strong>natura</strong></span> <span class='ocrx_word' id='word_1_203' title='bbox 964 3113 1134 3173; x_wconf 83' lang='lat' dir='ltr'><strong>tenet3</strong></span> <span class='ocrx_word' id='word_1_204' title='bbox 1166 3103 1295 3178; x_wconf 88' lang='lat' dir='ltr'><strong>quia</strong></span> <span class='ocrx_word' id='word_1_205' title='bbox 1321 3122 1516 3178; x_wconf 89' lang='lat' dir='ltr'><strong>corpus</strong></span> <span class='ocrx_word' id='word_1_206' title='bbox 1547 3103 1723 3172; x_wconf 90' lang='lat' dir='ltr'><strong>inani,</strong></span> 
     </span>
     <span class='ocr_line' id='line_1_31' title="bbox 444 3201 1828 3276; baseline -0.001 -21"><span class='ocrx_word' id='word_1_207' title='bbox 444 3203 511 3255; x_wconf 84' lang='lat' dir='ltr'><strong>Et</strong></span> <span class='ocrx_word' id='word_1_208' title='bbox 546 3201 693 3276; x_wconf 91' lang='lat' dir='ltr'><strong>quod</strong></span> <span class='ocrx_word' id='word_1_209' title='bbox 722 3202 880 3256; x_wconf 87' lang='lat' dir='ltr'><strong>inane</strong></span> <span class='ocrx_word' id='word_1_210' title='bbox 911 3213 1092 3257; x_wconf 87' lang='lat' dir='ltr'><strong>autem</strong></span> <span class='ocrx_word' id='word_1_211' title='bbox 1118 3212 1197 3256; x_wconf 90' lang='lat' dir='ltr'><strong>est</strong></span> <span class='ocrx_word' id='word_1_212' title='bbox 1225 3201 1369 3257; x_wconf 88' lang='lat' dir='ltr'><strong>finiri</strong></span> <span class='ocrx_word' id='word_1_213' title='bbox 1399 3221 1627 3276; x_wconf 85' lang='lat' dir='ltr'><strong>corpore</strong></span> <span class='ocrx_word' id='word_1_214' title='bbox 1660 3202 1828 3276; x_wconf 82' lang='lat' dir='ltr'><strong>cogit,</strong></span> 
     </span>
    </p>
   </div>
  </div>
 </body>
</html>
