2300 3926
376 286 437 333 58
772 293 774 295 ’
949 294 1001 337 Τ.
1039 293 1333 339 LUCRETII
1368 293 1506 337 CARI
1883 291 1933 339 (v.
1954 293 2065 343 560·)

377 395 465 449 Sic
500 394 597 449 tibi
619 437 632 463 ‚
664 394 706 448 si
735 391 888 448 finita
920 395 1079 450 semel
1111 395 1409 472 primordia
1438 393 1682 472 quaedam

375 494 718 563 ConstitueS‚
745 513 920 548 aevum
952 493 1227 551 debebunt
1261 515 1444 571 sparsa
1473 515 1571 571 per
1599 513 1760 549 omne

376 592 675 668 Disjectare
707 604 868 648 aestus
903 592 1102 648 diversi
1131 594 1411 648 materiai:

376 693 675 766 Nunquam
707 692 763 746 in
791 691 1084 747 concilium
1113 704 1175 747 ut
1207 693 1414 768 possint
1441 689 1719 768 compulsa
1753 690 1925 761 coire,

376 791 493 846 Nec
526 792 787 846 remorari
815 793 871 846 in
902 790 1155 862 concili0‚
1189 812 1290 846 nec
1317 811 1558 846 crescere
1590 790 1831 846 adaucta.

375 889 629 960 Quorum
657 902 952 965 utrumque
986 890 1165 966 palam
1197 890 1316 944 fieri
1350 890 1632 945 manifesta
1663 889 1819 945 docet
1851 909 1958 956 res,

376 991 446 1043 Et
473 1009 558 1044 res
594 990 880 1066 progigni,
915 1001 969 1044 et
997 982 1203 1065 genitas
1232 1009 1574 1065 procrescere
1601 1009 1773 1065 posse.

377 1090 507 1142 Esse
542 1089 727 1163 igitur,
763 1108 956 1164 genere
991 1089 1047 1142 in
1082 1088 1299 1162 quoviS‚
1331 1087 1628 1163 primordia
1657 1108 1840 1142 rerum

377 1186 613 1240 Infinita
630 1184 811 1261 palam
838 1198 942 1255 est,
970 1186 1115 1240 unde
1148 1187 1331 1241 omnia
1361 1186 1794 1262 suppeditantur.
1848 1208 1853 1214 ’

458 1287 573 1341 Nec
608 1305 864 1359 superare
898 1297 1105 1359 queunt
1128 1298 1308 1341 motus
1339 1287 1531 1360 utique
1561 1285 1801 1340 exitiales

377 1388 671 1460 Perpetu0,
706 1403 883 1459 neque
919 1384 975 1437 in
1002 1393 1266 1438 aeternum
1297 1382 1523 1459 sepelire
1559 1383 1811 1452 salutem3

379 1485 494 1540 Nec
526 1504 691 1559 porro
723 1503 908 1538 rerum
942 1480 1228 1558 genitales,
1261 1481 1608 1562 auctificique

379 1586 566 1639 Motus
602 1594 867 1658 perpetuo
895 1593 1123 1657 possunt
1156 1602 1370 1653 servare
1402 1593 1598 1636 creata.

382 1683 468 1737 Sic
500 1703 654 1757 aequo
686 1681 894 1758 geritur
927 1681 1222 1736 certamine
1255 1680 1653 1758 principiorum

383 1787 464 1842 Ex
492 1782 708 1837 infinito
736 1793 1079 1860 contractum
1110 1778 1602 1857 tempore-bellum.
1693 1760 1703 1766 ¹

383 1885 543 1940 Nunc
574 1883 694 1954 hic,
725 1903 872 1937 nunc
903 1880 1013 1937 illic·
1046 1893 1307 1958 superant
1337 1879 1524 1936 vitalia
1558 1900 1768 1950 rerum,

384 1986 455 2039 Et
482 1993 808 2059 superantur
835 1983 969 2037 item
997 2002 1008 2036 :
1038 1982 1298 2037 miscetur
1327 1979 1518 2036 funere
1543 2000 1733 2058 vagor,

385 2084 568 2154 Quem
599 2083 754 2157 pueri
790 2080 995 2136 tollunt
1026 2078 1260 2136 visentes
1296 2078 1518 2134 luminis
1551 2074 1703 2148 oras3

388 2182 503 2238 Nec
536 2200 645 2236 nox
678 2179 788 2234 ulla
823 2179 993 2250 diem,
1030 2199 1207 2254 neque
1239 2190 1458 2233 noctem
1491 2197 1690 2232 aurora
1720 2186 1902 2231 secuta
1941 2185 2048 2241 est,

388 2283 526 2354 Quae
558 2301 671 2336 non
700 2278 935 2335 audierit
968 2279 1157 2334 mistos
1190 2276 1463 2354 vagitibus
1497 2276 1652 2353 aegris

390 2379 669 2449 Ploratus,
701 2378 894 2432 mortis
929 2377 1155 2431 comites
1192 2387 1245 2430 et
1279 2375 1486 2430 funeris
1518 2374 1639 2429 atri.

471 2476 618 2534 Illud
649 2478 706 2533 in
738 2476 823 2532 his
856 2475 1204 2551 obsignatum
1233 2494 1451 2548 quoque
1485 2474 1644 2527 rebus
1671 2471 1869 2526 habere

394 2578 669 2638 Convenit
688 2620 702 2648 ,
738 2588 792 2631 et
819 2575 1048 2631 memori
1075 2573 1397 2629 mandatum
1432 2583 1613 2627 mente
1648 2583 1862 2626 tenere:

396 2680 490 2738 Nil
525 2699 637 2734 esse
672 2678 729 2732 in
763 2687 1055 2753 promptu,
1088 2695 1324 2750 quorum
1356 2683 1551 2728 natura
1576 2682 1817 2743 tenetur,

396 2779 565 2852 Quod
599 2798 795 2855 genere
827 2796 893 2832 ex
927 2795 1039 2830 uno
1073 2774 1333 2829 consistat
1366 2772 1788 2848 principiorum3

397 2882 516 2937 Nec
548 2877 876 2954 quidquam,
913 2873 1070 2951 quod
1090 2894 1202 2928 non
1238 2872 1498 2949 permisto
1521 2871 1722 2925 semine
1750 2877 1974 2922 constet.

399 2984 471 3036 Et
506 2998 670 3054 quam
705 2975 944 3053 quidque
977 2974 1147 3051 magis
1180 2971 1379 3037 multas
1411 2971 1492 3030 vis
1519 2967 1760 3045 possidet
1794 2968 1850 3021 in
1883 2983 1967 3036 se,

404 3081 584 3154 Atque
618 3087 940 3154 potestates;
977 3075 1052 3129 ita
1079 3071 1256 3149 pluria
1290 3069 1691 3147 principiorum

401 3179 467 3231 In
503 3197 617 3232 sese
651 3195 877 3254 genera,
911 3194 974 3228 ac
1016 3171 1189 3228 varias
1223 3170 1380 3225 docet
1416 3188 1527 3223 esse
1562 3166 1779 3244 figuras.

485 3275 758 3353 Principio
793 3273 950 3330 tellus
985 3273 1150 3327 habet
1184 3272 1239 3325 in
1274 3290 1328 3325 se
1366 3287 1594 3343 corpora
1627 3265 1825 3339 prima,
