2358 3952
715 285 797 329 DE
828 283 1144 329 LUCRETIO
1179 282 1581 327 TESTIMONIA.
1971 302 2001 329 v

731 423 1016 478 VELLEIUS
1049 423 1296 478 PATERc.
1318 464 1332 490 ‚
1369 441 1447 491 11,
1486 418 1577 477 36.

361 568 476 629 Quis
508 566 632 613 enim
659 566 868 629 ignorat,
899 565 1113 612 floruisse
1143 553 1237 612 hoc
1268 575 1482 627 tempore
1509 574 1723 611 auctores
1754 565 2009 611 carminum

222 635 228 639 ¹
297 649 558 693 Varronem
569 647 620 689 et
642 643 936 702 Lucretium,
959 659 1114 705 neque
1133 645 1233 690 ullo
1258 643 1309 688 in
1331 643 1531 703 suscepti
1559 642 1714 703 operis
1746 642 1898 687 forma
1916 643 2010 687 mi-

295 737 460 769 norem
482 722 745 768 Catullum?

616 854 1049 925 QUINTILIANUS
1068 895 1083 924 ‚
1113 853 1298 908 Instit.
1336 864 1508 920 orat„
1548 874 1567 909 1
1595 894 1608 921 ,
1638 855 1692 921 4.

362 994 460 1040 Nec
474 994 638 1056 ignara
656 994 964 1055 philosophiae
975 993 1296 1057 [grammatice
1316 1002 1473 1054 potest
1491 1009 1586 1038 esse
1600 992 1826 1056 perfecta]
1837 1029 1850 1051 ‚
1868 1008 2014 1054 quum

297 1078 498 1130 propter
526 1070 757 1131 plurimos
795 1070 845 1115 in
884 1070 1100 1116 omnibus
1140 1070 1238 1115 fere
1267 1070 1550 1114 carminibus
1583 1071 1714 1115 locos
1755 1085 1812 1115 ex
1851 1069 2013 1114 intima

297 1147 608 1208 quaestionum
628 1148 910 1193 naturalium
927 1147 1181 1193 subtilitate
1204 1148 1449 1208 repetitos,
1475 1156 1575 1192 tum
1596 1149 1670 1193 vel
1692 1157 1889 1208 propter
1910 1148 2016 1192 Em-

296 1223 542 1283 pedoclem
565 1224 616 1268 in
640 1225 836 1282 Graecis,
851 1226 1113 1270 Varronem
1143 1239 1196 1269 ac
1210 1225 1482 1270 Lucretium
1507 1222 1557 1269 in
1584 1224 1781 1282 Latinis,
1805 1224 1888 1284 qui
1900 1239 2016 1284 prae-

296 1308 430 1360 cepta
459 1300 692 1361 sapientiae
712 1301 922 1347 versibus
953 1300 1264 1346 tradiderunt.

678 1432 1131 1503 QUINTILJANUS,
1161 1435 1300 1488 Inst.
1332 1450 1440 1498 orn,
1470 1451 1509 1485 x
1530 1471 1546 1499 ‚
1585 1450 1630 1484 1.

363 1573 486 1618 Nam
508 1574 668 1618 Macer
690 1582 737 1618 et
761 1572 1009 1618 Lucretius
1036 1573 1224 1634 legendi
1254 1573 1474 1634 quidem,
1501 1571 1583 1617 sed
1604 1586 1704 1617 non
1726 1579 1781 1616 ut
1799 1572 2016 1632 phrasin,

296 1648 349 1694 id
379 1657 448 1694 est
480 1663 652 1710 corpus
674 1650 977 1710 eloquentiae,
1001 1649 1172 1695 faciant
1202 1667 1214 1694 :
1246 1651 1477 1710 elegantes
1505 1648 1556 1693 in
1579 1663 1662 1694 sua
1688 1648 1889 1710 quisque
1910 1664 2013 1694 ma—

295 1724 441 1782 teria,
467 1723 556 1771 sed.
574 1727 693 1771 alter
723 1725 934 1784 humilis,
964 1727 1081 1772 alter
1110 1723 1326 1771 difficilis.

663 1860 910 1914 TACITUs
929 1900 944 1929 ‚
972 1858 1127 1913 Dz'czl.
1157 1856 1227 1914 de
1252 1869 1426 1926 orat„
1460 1878 1506 1913 c.
1540 1846 1632 1913 23.

361 2002 611 2049 Neminem
632 2002 913 2062 nominabo,
948 2018 1097 2065 genus
1127 2003 1373 2049 hominum
1405 2003 1607 2064 signasse
1637 2006 1909 2059 contentus,
1934 2000 2017 2060 qui

295 2079 529 2126 Lucilium
555 2095 651 2142 pro
670 2080 899 2139 Horatio,
928 2089 975 2126 et
997 2080 1271 2126 Lucretium
1301 2096 1392 2141 pro
1424 2078 1623 2141 Virgilio
1652 2077 1827 2138 legunt.

747 2213 1010 2284 STATmS,
1043 2214 1199 2281 Silo„
1235 2234 1304 2284 11,
1339 2234 1391 2291 7,
1430 2213 1521 2291 76.

526 2352 657 2394 Cedet
675 2365 788 2393 musa
808 2352 918 2393 rudis
940 2352 1081 2394 ferocis
1102 2354 1245 2403 Ennii,

525 2424 575 2462 Et
594 2421 701 2463 docti
720 2422 831 2462 furor
848 2420 995 2463 arduus
1015 2423 1185 2463 Lucreti.

727 2548 1005 2620 Gnmns,
1033 2550 1199 2626 Νοοι.
1231 2559 1364 2615 att„
1396 2567 1444 2618 1,
1481 2568 1574 2603 21,

359 2691 473 2737 Non
505 2689 630 2735 enim
654 2690 838 2750 primus
861 2687 1000 2735 finxit
1030 2691 1123 2737 hoc
1152 2692 1351 2738 verbum
1375 2688 1609 2755 (amaror)
1633 2690 1856 2752 Virgilius
1882 2690 2016 2736 inso-

296 2766 471 2827 lenter-3
508 2767 592 2813 sed
612 2766 664 2813 in
688 2767 972 2813 carminibus
998 2768 1208 2814 Lucretii
1236 2769 1479 2815 inventum
1511 2776 1604 2826 est3
1636 2783 1723 2812 nec
1761 2776 1830 2813 est
1851 2783 2017 2828 asper-

298 2850 436 2889 natus
477 2843 805 2890 auctoritatem
836 2853 989 2905 poetae
1034 2845 1226 2906 ingenio
1268 2855 1315 2891 et
1347 2844 1567 2891 facundia
1603 2844 1921 2905 praecellentis.
1953 2871 2018 2880 -—

299 2920 414 2965 Non
442 2921 586 2968 verba
613 2930 771 2968 autem
794 2923 919 2982 sola,
949 2922 1033 2969 sed
1054 2938 1218 2969 versus
1251 2938 1404 2983 prope
1431 2931 1558 2968 totos
1575 2932 1638 2968 ,et
1661 2923 1793 2969 locos
1823 2936 2019 2983 quoque

300 2996 507 3043 Lucretii
525 2998 754 3058 plurimos
786 3007 1015 3046 sectatum
1038 3016 1134 3046 esse
1156 3000 1406 3063 Virgilium
1428 2999 1657 3046 videmus.

505 3126 760 3184 SERENUS
792 3130 1208 3202 Snuuomcns,
1242 3130 1312 3186 de
1340 3129 1492 3186 Med.
1515 3173 1535 3202 ‚
1566 3150 1621 3184 v.
1659 3127 1793 3185 610.

475 3269 591 3311 Irrita
609 3270 782 3324 conjugii
799 3271 939 3314 sterilis
958 3272 992 3315 si
1010 3287 1174 3315 munera
1197 3274 1404 3327 languent,
