2320 3866
855 288 922 332 IN
939 287 1336 359 LUCRETIUM.
1615 324 1623 330 .
1866 291 1957 351 293

243 386 367 433 mine
393 388 573 448 recepit
608 395 655 433 et
686 386 751 432 sic
779 384 1116 443 interpretatur
1142 400 1153 427 :
1181 403 1200 424 a
1215 385 1291 430 Tu
1320 400 1420 430 rem
1460 393 1723 445 utramque-
1743 385 1831 429 sub
1862 401 1960 430 uno

242 464 434 511 nomine
462 461 795 524 complectaris.
819 480 840 502 n

310 538 603 604 Imqu'm'bus
630 537 694 602 (v.
733 534 860 599 431).
903 539 940 582 Ι.
980 552 1020 582 e.
1049 536 1321 583 simulacris.
1357 537 1590 599 Epicurus
1637 536 1762 583 enim
1803 551 1963 596 neque

247 617 501 678 quicquam
523 616 672 673 cerni,
687 629 843 673 neque
868 613 1005 659 etiam
1030 614 1227 676 cogitari
1251 623 1332 659 aut
1356 613 1579 660 somniari
1603 628 1743 675 posse
1773 621 1962 659 conten-

248 693 391 740 debat
417 693 515 739 sine
535 689 827 753 imaginibus.

315 773 411 814 Am
461 767 688 833 (ἀρχαϊκῶς
721 781 811 825 pro
853 763 978 830 eam)
1008 766 1256 811 cohibesszt
1297 763 1359 827 (v.
1401 763 1530 828 445).
1561 765 1636 810 Sic
1667 767 1812 828 vulgo
1847 767 1967 812 mala

244 845 462 892 Lambini
488 844 609 902 conj.
642 843 811 889 editur
847 843 941 888 Sed
966 858 1127 887 omnes
1151 842 1248 886 fere
1277 841 1389 885 libri
1414 831 1715 887 z'tzcolzzbessit
1741 840 1789 905 (i.
1817 858 1855 887 e.
1874 858 1966 887 non

244 919 515 985 cohibuerit)
537 920 761 980 praebent.
801 921 810 927 ‘

312 996 376 1062 (v.
404 995 498 1052 450
518 993 645 1059 sqq.)
670 996 739 1041 Cf.
768 995 957 1058 Virgilii
985 1010 1169 1052 versus,
1198 995 1358 1055 Georg.
1387 1009 1464 1051 11,
1489 993 1582 1039 362
1621 1009 1724 1054 sqq.
1741 1029 1754 1052 ,
1794 994 1879 1055 qui
1910 1010 1966 1039 ex

243 1075 457 1120 hocloco
478 1071 669 1118 fluxisse
684 1073 920 1118 videntur.

310 1151 471 1197 Cetera
492 1152 553 1195 de
573 1167 743 1212 genere
764 1140 852 1196 lzoc
885 1148 946 1214 (v.
969 1147 1096 1213 480).
1126 1151 1164 1194 Ι.
1192 1165 1230 1194 e.
1257 1157 1411 1194 cetera
1427 1164 1532 1208 quae
1559 1147 1834 1193 ebrietatem
1857 1163 1967 1193 con-

239 1226 375 1288 sequi
405 1229 572 1274 solent.

313 1304 520 1365 Corpore
543 1305 591 1349 in
615 1305 717 1364 ipso
734 1301 795 1367 (v.
824 1302 953 1369 482).
979 1304 1137 1349 «Tota
1155 1303 1420 1375 argumenti
1435 1302 1504 1347 vis
1523 1301 1572 1350 in
1592 1301 1664 1347 his
1681 1293 1865 1349 duabus
1885 1316 1969 1346 vo-

239 1380 356 1426 culis
387 1380 474 1426 sita
498 1389 566 1426 est
584 1416 597 1438 ,
612 1379 668 1426 iis
684 1389 896 1441 opponet
909 1389 958 1430 τὸ·
980 1380 1278 1439 oevofutura,
1296 1396 1341 1434 v.
1373 1378 1465 1434 485
1479 1414 1492 1437 ,
1521 1388 1567 1424 et
1590 1386 1635 1428 τὸ
1649 1394 1768 1434 Διιενε
1784 1388 1966 1440 aperto,

239 1473 285 1502 v.
320 1454 431 1515 507.
446 1477 467 1499 »
482 1458 660 1503 Fannii.

307 1531 372 1598 (v.
398 1531 531 1597 488.)
551 1535 690 1590 Hunc
717 1551 905 1581 versum
921 1545 1028 1581 ante
1045 1536 1209 1580 oculos
1229 1534 1397 1580 habuit
1418 1533 1584 1595 Virgil.
1602 1567 1615 1590 ,
1643 1534 1811 1592 Georg.
1826 1565 1842 1587 ‚
1875 1547 1941 1576 111
1956 1566 1970 1589 ,

244 1608 369 1669 516,
394 1619 441 1656 et
461 1611 666 1670 ibidem,
689 1628 733 1658 v.
770 1613 831 1666 84
867 1621 912 1655 et
942 1613 1049 1658 203.

306 1689 509 1733 Versum
518 1693 609 1750 497
629 1688 864 1749 explicatu
877 1687 1188 1734 difficiliorem
1203 1687 1367 1733 Lamb.
1385 1702 1475 1747 pro
1498 1701 1631 1731 more
1647 1701 1733 1731 suo
1758 1685 1970 1746 spurium

241 1773 424 1824 censet,
461 1763 605 1826 quem
633 1765 848 1826 sequitur
885 1766 1100 1824 Creech.;
1132 1764 1396 1810 defendunt
1430 1780 1538 1809 eum
1562 1763 1777 1808 Gifanius
1810 1771 1857 1807 et
1888 1759 1987 1807 re-'

239 1839 471 1886 centiores
505 1841 722 1887 editores.
757 1844 829 1887 Ita
868 1843 1026 1887 locum
1057 1842 1212 1902 capias
1250 1859 1260 1887 :
1285 1848 1321 1882 ’τι
1339 1841 1523 1886 Semina
1553 1840 1683 1886 vocis
1715 1841 1972 1902 glomerata

239 1933 323 1965 ore
354 1917 492 1971 foras„
513 1917 731 1964 feruntur
763 1927 810 1964 et
835 1919 1116 1978 ejiciuntur,⁴
1136 1919 1272 1980 quasi
1308 1915 1428 1981 (non
1460 1918 1600 1963 aliter
1630 1914 1702 1980 ac)
1729 1932 1824 1978 qua
1849 1913 1971 1980 (ubi)

239 2002 529 2040 consuerunt
561 1991 725 2059 (vulgo
749 1996 910 2058 egredi
933 1993 1130 2060 solent),
1162 2004 1208 2041 et
1226 1993 1362 2060 v(ubi)
1396 2003 1506 2041 sunt
1533 1993 1716 2039 munita
1741 1990 1827 2056 (sic
1850 1993 1973 2037 enim

238 2068 503 2135 legendum)
524 2071 670 2117 viai.»
692 2074 814 2118 Nam
842 2075 1023 2118 munita
1049 2073 1156 2118 viai
1175 2072 1369 2119 Homeri
1394 2081 1513 2136 ἕρκος
1525 2075 1697 2120 ὀδόντων
1721 2085 1819 2116 esse
1841 2079 1971 2115 recte

237 2146 465 2194 viderunt
486 2148 782 2209 interpretes.

313 2224 606 2285 Talipedans
630 2223 692 2288 (v.
713 2223 887 2289 503).«
910 2227 1193 2286 Talipedare
1208 2235 1277 2271 est
1289 2225 1505 2271 vacillare
1526 2225 1752 2285 pedibus,
1776 2232 1822 2268 et
1839 2225 1974 2284 quasi

239 2300 344 2347 talis
383 2300 647 2348 insistere.»
677 2303 871 2351 Fzsrus.
913 2303 1089 2348 Omnes
1121 2317 1236 2348 vero
1269 2302 1412 2347 codd.
1439 2303 1678 2347 vaczllans
1716 2301 1972 2358 exhibent3

238 2377 375 2437 cujus
402 2378 534 2424 vocis
567 2394 628 2424 ne
651 2379 702 2423 in
729 2379 881 2439 prima
914 2379 1089 2441 syllaba
1110 2379 1346 2440 producta
1371 2378 1608 2436 offendas,
1636 2378 1744 2423 vide
1771 2393 1875 2438 quae
1910 2377 1973 2422 ad

237 2453 365 2500 hunc
396 2456 557 2501 locum
587 2455 847 2517 disputavit
868 2456 1053 2503 Wakef.

305 2533 364 2577 V.
405 2530 628 2578 512-515
667 2532 731 2578 sic
764 2532 1103 2594 interpretatur
1131 2531 1381 2578 Creechius
1415 2549 1426 2576 :
1463 2531 1809 2592 «Quicumque
1848 2531 1972 2576 enim

241 2615 441 2654 conatur
468 2610 667 2655 alterare
691 2609 924 2669 animum,
950 2617 1034 2655 aut
1062 2610 1269 2671 aliquam
1292 2609 1430 2654 aliam
1451 2625 1550 2655 rem
1564 2644 1578 2667 ‚
1606 2609 1682 2653 vel
1703 2617 1860 2668 partes
1883 2608 1973 2653 ali-

243 2698 362 2744 quas
402 2685 621 2746 adjiciat,
652 2688 730 2733 vel
763 2686 945 2749 aliquas
976 2686 1183 2750 auferat,
1206 2687 1285 2731 vel
1313 2686 1529 2731 ordinem
1568 2694 1614 2730 et
1641 2684 1782 2730 situm
1823 2693 1975 2730 mutet

240 2774 430 2807 necesse
452 2771 535 2808 est.
557 2783 579 2804 n

309 2834 374 2900 (v.
414 2834 543 2903 522.)
575 2841 694 2885 Tam
722 2849 883 2901 aperte
910 2855 1041 2886 vanae
1075 2840 1275 2887 aliorum
1306 2839 1533 2885 doctrinae
1561 2848 1796 2901 repugnat
1826 2854 1974 2899 expe-

242 2913 439 2972 rientia,
463 2930 604 2962 omne
636 2917 865 2980 effugium
889 2917 1013 2964 elabi
1042 2917 1234 2964 conanti
1247 2915 1493 2978 praecludit
1509 2952 1522 2975 ,
1556 2916 1819 2977 falsumque
1835 2932 1974 2962 ever—

242 2988 302 3035 tit
330 2990 614 3037 refutatione
635 2992 686 3037 in
708 3002 958 3057 utramque
981 3003 1165 3056 partem
1189 2996 1384 3040 valente.

266 3088 269 3091 *
311 3068 427 3112 Post
465 3067 574 3113 inde
603 3067 667 3132 (v.
708 3068 844 3135 528).
875 3072 1013 3118 Prior
1044 3067 1142 3118 vox
1183 3072 1244 3117 ad
1269 3070 1608 3116 successionem
1636 3070 1860 3130 temporis
1891 3086 1971 3116 re—

242 3142 355 3189 ferri
385 3143 553 3204 debet;
576 3147 811 3205 posterior
842 3149 904 3194 ad
933 3150 1311 3213 progressionem
1341 3148 1568 3208 serpentis
1596 3147 1720 3192 mali.

320 3221 527 3266 Tractim
553 3218 616 3285 (v.
644 3220 773 3286 529),
820 3225 954 3285 quod
983 3226 1108 3272 redit
1142 3243 1192 3272 vx
1211 3261 1223 3284 ,
1257 3226 1376 3284 118,
1412 3225 1593 3272 Wakef.
1626 3232 1753 3270 recte
1789 3224 1854 3270 sic
1885 3222 1976 3270 (εκ-ἑ

241 3296 386 3357 plicat
424 3314 435 3342 ε
474 3317 493 3338 α
510 3298 618 3344 Sese
649 3299 881 3346 trahendo
915 3317 1001 3362 per
1038 3318 1199 3349 omnes
1239 3318 1343 3364 quae
1378 3301 1748 3363 interponuntur
1786 3310 1972 3363 partes;
