2300 3926
382 256 442 315 96
732 244 736 246 ’
938 253 989 295 Τ.
1027 252 1316 297 LUCRETn
1350 251 1490 296 CARI
1887 249 1938 299 (v.
1959 247 2064 286 501:

385 356 545 426 Inde,
577 356 669 410 ubi
695 357 805 430 jam
837 354 1009 409 morbi
1039 375 1093 410 se
1123 354 1269 411 flexit
1297 373 1480 423 causa,
1513 351 1756 426 reditque

383 456 448 508 In
483 452 713 509 latebras
742 465 857 508 ater
888 453 1130 528 corrupti
1158 453 1397 528 corporis
1427 452 1656 520 humor3

384 554 526 606 Tum
557 554 708 627 quasi
738 549 1040 627 talipedans
1063 551 1299 626 primum
1325 550 1628 626 consurgit,
1653 559 1705 602 et
1731 565 1917 602 omnes

385 648 648 705 Paulatim
678 650 818 705 redit
851 650 905 704 in
939 669 1155 720 senSUS,
1192 649 1531 724 animamque
1561 639 1815 723 reeeptat.

384 750 510 802 Haec
537 748 702 823 igitur
730 748 893 803 tantis
923 748 1017 802 ubi
1047 747 1250 802 morbis
1279 766 1503 822 corpore
1533 747 1589 801 in
1619 746 1736 821 ipso

384 851 648 918 Jactetur,
683 848 996 923 miserisque
1026 845 1199 901 modis
1230 845 1487 901 distracta
1514 843 1757 913 laboret3

386 946 499 1000 Cur
526 945 751 1000 eandem
779 944 950 1000 credis
984 945 1097 1000 sine
1126 964 1378 1020 corpore,
1407 942 1464 998 in
1495 963 1616 998 aere
1642 954 1855 1018 aperto,

387 1047 529 1105 Cum
560 1043 750 1099 validis
774 1046 948 1099 ventis
978 1055 1189 1099 aetatem
1219 1044 1412 1119 degere
1442 1042 1638 1118 posse?

463 1146 534 1197 Et
564 1144 821 1217 quoniam
852 1154 1087 1197 mentem
1117 1143 1322 1212 sanari,
1355 1162 1553 1217 corpus
1581 1153 1644 1196 ut
1671 1161 1900 1217 aegrum,

390 1240 700 1309 Cernimus,
731 1252 786 1294 et
814 1239 954 1294 flecti
983 1239 1247 1294 medicina
1275 1260 1432 1315 posse
1459 1239 1733 1310 videmus3

389 1337 453 1391 Id
484 1358 700 1412 quoque
731 1338 982 1413 praesagit
1010 1336 1295 1392 mortalem
1322 1324 1505 1392 ⁷vivere
1533 1348 1794 1391 mentem:

391 1435 607 1490 Addere
637 1437 783 1490 enim
814 1448 1019 1511 parteS,
1048 1447 1144 1490 aut
1165 1422 1365 1490 ordine
1383 1435 1638 1511 trajicere·
1657 1453 1871 1509 aequum
1898 1445 2003 1501 est,

391 1536 501 1589 Aut
532 1533 680 1589 aliud
708 1555 960 1609 prorsum
992 1534 1058 1589 de
1087 1544 1299 1589 summa
1329 1533 1613 1589 detrahere
1645 1531 1799 1587 illum
1817 1576 1831 1600 ,

393 1619 747 1687 Commutare
775 1634 1019 1688 animum
1049 1622 1363 1708 quicunque
1395 1631 1641 1687 adoritur
1668 1643 1722 1686 et
1747 1630 1894 1699 infit,

392 1732 503 1786 Aut
532 1730 691 1786 aliam
722 1733 968 1806 quamvis
992 1743 1245 1786 naturam
1273 1732 1490 1786 flectere
1518 1731 1744 1806 quaerit:

393 1832 465 1884 At
496 1849 672 1905 neque
697 1830 979 1886 transferri
1010 1831 1110 1886 sibi
1139 1819 1320 1906 partes
1339 1873 1354 1901 ,
1385 1849 1484 1886 nec
1511 1831 1679 1885 tribui
1709 1827 1851 1898 vult,

394 1928 708 1984 Immortale
737 1930 885 2005 quod
915 1941 995 1985 est
1018 1930 1347 2006 quidquam,
1374 1950 1549 2005 neque
1577 1928 1812 1984 defluere
1841 1924 2031 1981 hilum.

394 2028 537 2082 Nam
570 2027 933 2103 quodcunque
964 2029 1074 2084 suis
1098 2040 1370 2084 mutatum
1401 2029 1600 2083 finibus
1629 2029 1761 2098 exit,

400 2125 675 2180 Continuo
708 2126 813 2180 hoc
847 2147 992 2181 mors
1020 2139 1102 2181 est
1130 2125 1299 2197 illius,
1335 2127 1483 2202 quod
1510 2126 1614 2181 fuit
1642 2137 1784 2179 ante.

397 2226 543 2299 Ergo
571 2224 784 2278 animus
812 2224 923 2278 sive
953 2225 1193 2300 aegrescit
1213 2266 1228 2295 ,
1259 2223 1508 2279 mortalia
1538 2225 1690 2300 signa

398 2322 596 2391 Mittit,
625 2323 706 2376 uti
747 2322 942 2394 docui,
972 2344 1066 2378 seu
1095 2322 1332 2378 flectitur
1354 2345 1386 2379 a
1414 2323 1697 2379 medicina.

396 2421 586 2494 Usque
610 2420 744 2474 adeo
775 2419 920 2475 falsae
946 2422 1153 2496 *rationi
1180 2442 1310 2476 vera
1338 2422 1556 2478 videtur
1612 2407 1615 2409 .

399 2522 504 2573 Res
533 2539 846 2590 occurrere,
874 2531 927 2574 et
956 2518 1220 2595 effugium
1249 2519 1580 2595 praecludere
1608 2522 1784 2592 eunti,
1867 2533 1870 2536 ’

401 2618 746 2693 Ancipitique
773 2616 1012 2673 refutatu
1044 2620 1366 2674 convincere
1394 2618 1606 2674 falsum.

488 2718 767 2792 Denique,
800 2735 939 2792 saepe
967 2717 1246 2772 hominem
1276 2704 1537 2794 paulatim
1566 2720 1835 2773 cernimus
1868 2719 1973 2788 ir'e,

400 2818 470 2871 Et
503 2815 847 2870 membratim
875 2815 1095 2870 vitalem
1127 2816 1424 2892 deperdere
1453 2837 1699 2871 sensum:

401 2915 466 2968 In
492 2913 720 2990 pedibus
749 2915 991 2990 primum
1020 2914 1217 2991 digitos
1249 2914 1505 2971 livescere
1534 2928 1586 2971 et
1619 2935 1856 2991 ungues3

401 3012 535 3067 Inde
562 3011 725 3087 pedes
753 3006 806 3068 et
832 3027 997 3069 'crura
1027 3015 1189 3085 mori3
1220 3026 1342 3091 post
1371 3014 1497 3069 inde
1528 3035 1625 3090 per
1653 3026 1802 3070 artus

404 3112 490 3165 Ire
515 3109 648 3166 alios
678 3114 897 3166 tractim
926 3112 1091 3190 gelidi
1119 3114 1345 3190 vestigia
1374 3111 1523 3169 lethi.

408 3209 682 3265 Scinditur
708 3212 860 3287 atqui
890 3213 1079 3269 animae
1107 3213 1365 3287 quoniam
1396 3225 1618 3286 natura,
1649 3233 1748 3267 nec
1777 3230 1888 3266 uno
