2320 3866
841 232 907 275 IN
940 230 1322 275 LUCRETIUM.
1840 241 1896 284 27
1909 243 1927 270 1

223 357 301 383 των
334 344 399 382 οὖν
429 338 668 396 γινομένων,
701 332 960 390 ὁμολογητέον
992 330 1122 381 ἐστὶν,
1155 330 1216 372 ὅτι
1251 331 1289 372 ἐν
1324 335 1376 387 τῇ
1398 334 1521 386 τροφῇ
1554 332 1606 385 τῇ
1645 327 1932 386 προςφερόμίνῃ

222 417 364 460 πάντα.
398 414 486 458 ἐστὶ
514 413 570 457 τὰ
591 413 711 464 ὄντα,
729 409 800 454 καὶ
829 410 873 450 ἐκ
904 412 984 449 τῶν
1019 406 1142 449 ὄντων
1164 407 1304 449 πάντα
1327 405 1515 457 αὔξεται,
1531 403 1602 447 zai
1624 405 1662 446 ἐν
1692 403 1822 460 ἐκείνῃ
1842 403 1931 447 ἐστὶ

221 498 274 550 τῇ
291 498 414 551 τροφῇ
447 471 567 550 μόριοι
594 470 765 547 αἶματοὲ
777 484 1018 542 γεννητικὰ,
1044 483 1117 526 καὶ
1148 485 1288 541 νεύρων
1313 482 1384 526 καὶ
1406 482 1577 533 ὀστέων,
1596 479 1668 524 καὶ
1701 481 1829 522 ἄλλων
1852 486 1931 523 τῶν

167 593 172 598 ·
224 566 313 616 ἃῆν
329 568 434 625 λόγῳ
452 564 630 623 θεωρητὰ
647 563 776 621 μόρια.
801 562 860 602 Οὐ
892 559 967 618 γὰρ
1000 557 1067 602 δεῖ
1092 561 1231 602 πάντα
1256 560 1321 601 ἐπὶ
1351 560 1421 606 τὴν
1448 559 1630 604 αἴσθησιν
1662 556 1844 613 ἀνάγειν,
1872 555 1933 598 ὅτι

222 646 338 702 ἄρτος
364 643 436 687 καὶ
454 644 501 686 τὸ
517 639 622 698 ὖδῶρ
647 643 781 682 ταῦτα
811 637 1128 690 κατασκευάζει,
1154 637 1242 679 ἀλλ’
1265 637 1302 678 ἐν
1331 637 1486 684 τούτοις
1509 634 1596 677 ἐστὶ
1618 634 1724 691 λόγῳ
1754 632 1934 690 θεωρητὰ

222 721 355 778 μόρια..
387 712 478 762 Avi-“o
507 722 576 760 τοῦ
600 721 660 758 οὖν
679 715 798 771 ὅμοιοι
818 713 873 756 τὰ
894 714 992 771 μέρη
1012 708 1112 755 εἷναι
1136 714 1173 754 ἐν
1190 718 1242 769 τῇ
1262 717 1386 768 τροφῇ
1408 714 1490 759 τοῖς
1510 711 1788 767 γεννωμένοις,
1804 711 1936 767 ὁμοιο-

221 798 379 855 μερείας
396 793 521 842 αὐτὰς
542 792 728 842 ἐκάλεσε,
753 789 823 833 καὶ
851 790 976 848 ἀρχὰς
989 795 1068 831 τῶν
1098 789 1218 830 ὄντων
1245 787 1493 843 ἀπεφῇνοιτο
1519 786 1589 828 καὶ
1618 786 1693 836 τὰς
1709 786 1779 843 μὲν
1805 787 1935 844 ὁμοιο-

221 873 399 930 μερείας,
428 871 542 922 ὕλην,
556 868 602 910 τὸ
626 863 674 908 δὲ
694 872 829 909 ποιοῦν
848 867 1003 918 αἴτιον,
1026 882 1092 907 τον
1121 867 1253 914 Νοῦν,
1281 864 1348 904 τὸν
1379 862 1433 905 τὰ
1454 863 1596 904 πάντα.
1620 859 1935 921 ὃιοιταξαμενον.
1970 863 1977 871 ’

287 941 517 1001 Sanguem
553 933 617 1000 (V.
651 933 792 999 837).
820 938 892 981 De
928 936 1014 980 hac
1040 933 1231 994 antiqua
1266 932 1446 989 forma,
1481 948 1586 992 quae
1620 933 1745 978 redit
1783 933 1938 979 statim

217 1034 262 1062 v
286 1015 405 1073 860,
427 1013 535 1060 vide
561 1014 795 1071 Nonum,
821 1028 911 1070 111,
937 1013 1054 1070 203,
1076 1013 1258 1067 Prusa,
1281 1025 1357 1067 v1,
1385 1024 1466 1067 12,
1491 1018 1539 1054 et
1563 1012 1681 1055 Vn..
1708 1013 1937 1067 Pnomm,

217 1108 266 1153 p.
295 1091 432 1147 1448.
459 1090 652 1136 Putsclz.

280 1169 481 1213 Versum
505 1166 597 1224 873
629 1166 679 1210 in
704 1165 862 1210 multis
889 1164 1029 1211 codd.
1052 1163 1103 1209 hi
1127 1164 1226 1209 duo
1254 1173 1518 1225 sequuntur
1544 1180 1556 1208 :

387 1280 577 1322 Praeterea
599 1280 712 1321 tellus
735 1293 822 1334 quae
838 1293 1005 1334 corpora
1026 1293 1195 1332 cumque
1214 1279 1306 1329 alit,
1324 1288 1460 1333 auget,

393 1352 453 1390 Ex
466 1349 714 1402 alienigenis,
731 1362 818 1402 quae
831 1348 947 1402 lignis
966 1348 1210 1389 exoriuntur.

287 1461 447 1518 Quum
470 1474 585 1504 vero
607 1474 707 1503 non
730 1457 782 1503 in
804 1456 1021 1503 omnibus
1043 1456 1176 1502 libris
1191 1456 1514 1515 inveniantur,
1538 1464 1610 1515 et,
1633 1456 1689 1502 iis
1710 1456 1911 1518 receptis
1926 1491 1940 1516 ,

219 1552 381 1582 versus
404 1535 498 1582 868
516 1545 562 1581 et
586 1535 704 1593 873,
727 1550 847 1595 quos
864 1534 1073 1580 omnium
1086 1533 1227 1579 codd.
1248 1542 1295 1578 et
1314 1541 1426 1578 vett.
1452 1532 1582 1578 editt.
1608 1541 1768 1598 tuetur
1783 1542 1941 1579 aucto·-

217 1613 331 1659 ritas
347 1648 361 1671 ‚
391 1614 579 1658 exulare
604 1612 856 1669 deberent,
877 1611 929 1656 in
952 1619 1222 1656 contextum
1243 1609 1351 1668 jure
1373 1625 1472 1655 non
1497 1609 1685 1657 admissi
1701 1618 1829 1656 sunt.

286 1689 452 1734 Pluria
475 1686 537 1752 (v.
563 1685 702 1751 877).
727 1686 936 1748 Antique
966 1686 1159 1732 dictum.
1184 1681 1279 1731 Alii
1305 1687 1468 1748 legunt
1479 1688 1710 1747 plurima.

282 1767 496 1814 Minutas
519 1762 583 1830 (v.
608 1763 740 1835 880).
763 1764 857 1810 Alii
879 1765 1077 1820 minaci,
1106 1763 1239 1833 quod
1260 1779 1352 1824 pro
1384 1767 1797 1828 νηαὲηᾳὲνανιζαε
1816 1767 1941 1828 posi-

218 1851 319 1887 tum
345 1842 525 1888 Wakef.
552 1842 834 1902 comprobat
856 1841 919 1887 ad
947 1841 1080 1904 Virg
1092 1876 1106 1900 ‚
1136 1839 1345 1896 AEneid„
1370 1857 1491 1900 VIII,
1517 1842 1627 1888 668.

281 1921 442 1965 Aliam
463 1916 528 1984 (v.
555 1916 686 1983 882).
710 1921 748 1964 I.
772 1935 812 1965 e.
838 1919 1054 1964 aliorum.
1708 1964 1711 1969 ,

281 1999 485 2043 Versum
508 1996 601 2043 883
633 1996 848 2057 plerique
872 1995 1081 2042 Lucretii
1114 1996 1393 2057 interpretes
1417 1997 1631 2057 spurium
1653 2006 1701 2042 et
1728 1997 1942 2045 inutilem

218 2075 586 2120 declaraverunt.

282 2150 447 2195 Friare
469 2147 534 2214 (v.
563 2147 690 2212 887).
715 2151 752 2195 Ι.
781 2166 847 2208 e.,
869 2150 955 2196 Pio
979 2149 1257 2210 interprete,
1279 2158 1451 2208 terere,
1474 2151 1815 2210 comminuere,
1840 2152 1942 2199 dis-

218 2228 468 2288 pulverare
493 2242 505 2271 :
527 2243 624 2272 vox
647 2235 716 2272 est
729 2226 882 2272 Plinio
907 2226 1122 2287 inprimis
1141 2226 1311 2273 usitata
1342 2223 1438 2290 (xn
1452 2262 1465 2285 ‚
1492 2227 1580 2286 28,
1607 2229 1693 2287 32,
1715 2235 1798 2288 42,
1821 2245 1944 2290 ΧΠῙ,

217 2320 276 2366 9,
299 2319 473 2363 xxnv,
497 2319 582 2365 293
605 2319 777 2362 xxxvr,
801 2301 901 2367 39),
924 2319 1080 2364 neque
1106 2303 1314 2350 Varroni
1337 2301 1426 2367 (de
1448 2305 1504 2349 R.
1523 2306 1605 2364 R„
1630 2321 1673 2363 1,
1698 2322 1752 2366 9,
1780 2303 1829 2370 7)
1860 2305 1942 2351 in-

221 2380 425 2444 cognita.
450 2425 455 2428 .

286 2457 476 2503 Scilicet
489 2454 554 2521 (v.
589 2453 721 2520 900).
748 2458 859 2502 Vox
882 2454 1156 2501 affirmantis
1180 2453 1227 2502 et
1255 2456 1573 2515 concedentis.

286 2531 360 2599 (v.
383 2550 441 2596 91
452 2531 517 2597 4.)
534 2534 704 2580 Sensus
720 2542 817 2579 est:
835 2533 1038 2594 denique
1062 2533 1100 2579 si
1114 2532 1223 2579 istas
1245 2549 1334 2592 res,
1351 2550 1468 2596 quas
1489 2550 1629 2580 sensu
1642 2535 1945 2596 percipimus,

222 2610 384 2657 credas
419 2611 635 2675 generari
662 2626 762 2656 non
788 2626 949 2671 posse,
978 2610 1069 2657 nisi
1103 2609 1252 2674 fingas
1281 2612 1437 2672 prima
1468 2615 1628 2657 rerum
1649 2612 1837 2660 illarum
1864 2630 1944 2660 se-

221 2685 349 2734 mina
369 2687 577 2748 ejusdem
616 2697 662 2734 et
682 2690 822 2749 plane
847 2688 1007 2735 similis
1042 2698 1222 2735 naturae
1245 2700 1369 2747 esse,
1398 2698 1555 2734 actum
1574 2689 1796 2750 profecto
1827 2698 1946 2737 esset

224 2762 285 2809 de
315 2779 474 2810 rerum
493 2765 752 2827 principiis.
794 2794 798 2802 ι

289 2841 390 2886 Nec
409 2857 484 2887 me
503 2844 654 2888 am'mi
656 2841 797 2902 fallit
826 2842 894 2909 (v.-
916 2841 1049 2908 9²1)·
1074 2844 1198 2891 Vide
1222 2844 1285 2889 ad·
1303 2860 1347 2888 v.
1380 2844 1485 2902 137.

290 2918 525 2963 Percussit
544 2919 703 2980 thyrso
726 2919 790 2986 (v.
818 2919 951 2986 922).
977 2924 1087 2980 Quo
1110 2922 1202 2967 hoc
1229 2920 1491 2982 pertineat,
1511 2935 1651 2965 nemo
1671 2935 1779 2966 non.
1799 2920 1943 2968 intel-

222 2992 338 3056 ligit.
362 2995 574 3055 Namque
598 2997 710 3042 olim
731 2999 893 3061 thyrso
918 2999 1199 3045 dicebantur
1213 2997 1440 3059 percussi,
1466 2997 1549 3057 qui
1571 3012 1598 3042 a
1611 2996 1787 3044 Libero
1808 3007 1945 3059 patre

223 3070 431 3116 subitum
466 3070 518 3116 in
553 3071 765 3120 furorem
789 3069 1110 3137 rapiebantur.
1141 3073 1351 3135 Respicit
1385 3074 1512 3120 hunc
1558 3075 1716 3141 locum
1747 3073 1944 3134 Statius,

177 3148 194 3171 ¹
225 3147 357 3203 Silo„
384 3164 454 3207 11,
481 3165 525 3207 7,
554 3149 652 3207 76:

399 3270 445 3305 Et
466 3265 571 3306 docti
586 3265 696 3306 furor
715 3267 858 3308 arduus
872 3272 1041 3311 Lucreti.
