2320 3866
414 291 438 321 2
447 283 506 338 94
1025 278 1512 324 ADNOTATIONES

411 380 464 416 ut
501 371 692 434 anguis,
733 370 816 431 qui
845 370 1135 431 pedetentim
1174 373 1346 433 serpit,
1376 388 1531 434 neque
1558 387 1644 431 per
1680 372 1822 417 saltus
1854 373 1971 418 solet
2002 389 2121 434 pro-

410 447 572 510 gredi3
600 456 740 507 atque
771 446 904 504 ideo,
937 462 1075 494 sensu
1099 448 1398 506 secundario,
1422 449 1555 494 tarde
1578 447 1915 510 gradatimque.
1941 469 1960 489 n

475 524 676 568 Lumina
705 523 789 584 qui
808 522 1017 584 linquunt
1039 520 1101 587 (v.
1126 521 1254 587 541).
1279 523 1354 570 Sic
1380 526 1520 571 Hom.
1538 559 1552 583 ‚
1591 526 1758 585 odyss.
1775 559 1791 580 ,
1828 540 1882 570 11
1903 560 1917 584 ,
1940 526 2001 587 93
2035 542 2047 570 ε

812 647 948 690 Λιπὼν
981 647 1078 705 φοίος
1107 649 1271 701 ἠελίοιο,

409 766 456 803 et
485 757 691 815 Ennius,
725 773 772 817 p.
812 755 899 816 53,
930 759 1100 804 Hessel
1124 775 1140 802 .-

581 876 789 927 Postquam
812 873 961 915 lumina
978 874 1051 915 seis
1072 875 1218 916 oculeis
1238 875 1367 916 bonus
1385 876 1513 916 Ancu’
1536 875 1707 931 reliquit.

475 984 533 1027 V.
566 980 657 1027 552
692 982 757 1027 sic
786 982 846 1027 ab
866 983 925 1029 Is.
950 983 1120 1029 Vossio
1141 984 1383 1031 restitutus
1415 994 1483 1031 est
1513 1001 1524 1030 ε

584 1099 696 1137 Secta
715 1097 860 1137 etenim
879 1098 923 1138 in
945 1110 1067 1153 parvo
1085 1097 1290 1152 liquuntur
1305 1107 1483 1153 tempore
1510 1099 1606 1140 tabi.

409 1204 553 1264 Cujus
577 1205 897 1264 conjecturam
934 1206 1003 1264 si,
1035 1221 1143 1251 cum
1171 1207 1398 1266 Haverc.‚
1429 1206 1637 1266 Wakef„
1661 1215 1708 1252 et
1733 1207 1993 1271 Forbigero
2009 1245 2023 1269 ,
2051 1226 2127 1256 se-

410 1297 631 1343 quamur,
658 1281 776 1326 nihil
806 1282 904 1341 jam
933 1298 1118 1328 sensum
1151 1281 1389 1344 impediet.

484 1359 649 1403 Vivam
676 1355 736 1423 (v.
768 1357 894 1423 557).
927 1359 1051 1406 Vide
1071 1374 1216 1421 supra
1247 1360 1309 1408 ad
1339 1375 1383 1405 v.
1410 1364 1516 1415 410.

474 1433 537 1499 (v.
572 1433 701 1499 559.)
718 1442 804 1486 Καὶ
839 1444 915 1501 μὴν
940 1443 1010 1487 καὶ
1031 1446 1220 1502 λυομένου
1247 1449 1317 1488 τοῦ
1339 1444 1428 1488 ὅλου
1453 1443 1744 1502 ἀθροίσματος,
1765 1446 1791 1493 ἡ
1814 1443 1918 1501 ψυχὴ
1942 1441 2132 1489 διασπεί-

407 1535 542 1576 ρεται,
572 1518 642 1562 καὶ
665 1521 797 1562 οὐκέτι
819 1520 902 1577 ἔχει
928 1520 1004 1570 τὰς
1027 1521 1152 1572 αὐτὰς
1174 1517 1390 1580 δυνάμεις,
1422 1521 1513 1566 οὔτε
1540 1521 1849 1565 >einh-afficio?
1879 1517 1966 1564 οὐδ’
1995 1522 2133 1569 αἴσθη-

409 1612 469 1638 σιν
499 1597 707 1642 κέκτηται.
740 1598 800 1639 Οὐ
840 1596 916 1655 γὰρ
960 1592 1036 1641 οἷόν
1059 1615 1106 1641 τε
1131 1599 1230 1642 νοεῖν
1263 1599 1387 1647 αὐτὴν
1418 1598 1731 1657 αἰσθανομένην,
1757 1600 1813 1657 μὴ
1849 1600 1885 1642 ἐν
1913 1599 2043 1657 τούτῳ
2072 1606 2130 1656 τῷ

398 1672 644 1740 ,συστήματι
674 1674 766 1722 ταῖς
797 1673 977 1721 κινήσεσι
1003 1675 1174 1725 ταύταις
1202 1675 1431 1733 χρωμένην,
1464 1675 1560 1719 ὅταν
1592 1675 1647 1719 τὰ
1686 1677 1935 1734 στεγάζοντα
1966 1674 2036 1718 καὶ
2066 1693 2135 1718 πε-

408 1750 591 1809 ριέχοντα
635 1750 692 1807 μὴ
727 1755 900 1794 τοιαῦτα
940 1749 991 1808 ᾖ,
1024 1745 1088 1795 οἷα
1123 1751 1160 1795 ἐν
1206 1746 1260 1802 οἷς
1298 1758 1363 1795 νῦν
1400 1757 1502 1796 οὖσα
1537 1754 1621 1809 ἔχει
1652 1754 1806 1802 ταύτας
1839 1751 1914 1801 τὰς
1951 1752 2135 1801 κινήσεις.

407 1821 608 1865 Emcnn.
635 1820 705 1864 ad
728 1821 972 1877 Herodot„
997 1825 1021 1879 §
1046 1820 1107 1868 65
1130 1838 1239 1884 sqq.

477 1895 649 1941 Cassus
680 1893 742 1961 (v.
777 1895 889 1962 561)
915 1898 1175 1944 secundum
1195 1898 1443 1959 Priscian.,
1464 1913 1544 1959 1x,
1568 1914 1600 1961 9
1616 1933 1629 1958 ‚
1657 1902 1682 1956 5
1711 1899 1797 1957 48,
1828 1913 1856 1944 a
1883 1913 2020 1944 careo
2042 1898 2134 1944 de—

409 1972 681 2019 ducendum
697 1981 787 2032 est,
817 1982 863 2020 et
885 1974 1010 2020 redit
1032 1974 1162 2037 apud
1182 1976 1438 2035 Nostrum,
1467 1991 1530 2022 111
1543 2010 1558 2035 ,
1590 1981 1711 2038 994,
1740 1975 1888 2035 10623
1910 1990 1963 2021 ιν
1978 2009 1993 2034 ,
2021 1990 2110 2033 127
2123 2010 2137 2034 ‚

410 2048 532 2110 3693
564 2065 622 2107 v,
651 2050 768 2108 718,
800 2048 910 2108 756.

478 2125 693 2170 Seorsum
736 2141 929 2186 corpore
971 2124 1035 2189 (v.
1072 2125 1201 2190 563).
1238 2127 1363 2172 Vide
1391 2127 1543 2186 infra,
1583 2143 1630 2173 v.
1662 2128 1752 2174 631
1770 2163 1785 2187 ‚
1813 2127 1899 2173 ubi
1931 2143 2136 2172 seorsum

406 2200 584 2261 pariter
615 2217 723 2247 cum
745 2210 878 2247 sexto
909 2216 1020 2247 casu
1043 2201 1358 2262 construitur,
1388 2211 1435 2248 et
1466 2203 1526 2249 cf.
1559 2204 1744 2249 Rudz’m.
1774 2206 1886 2250 Inst.
1922 2205 1999 2250 Gr.
2014 2237 2030 2260 ,
2063 2219 2131 2260 11,

406 2292 454 2337 p.
483 2277 606 2337 333,
639 2276 692 2337 5,
716 2276 910 2324 uberius
947 2278 1177 2325 disserens
1213 2277 1274 2327 de
1308 2278 1543 2339 ejusmodi
1573 2280 1806 2327 adverbiis
1830 2280 2132 2344 praepositio—

406 2369 523 2399 num
553 2355 662 2400 loco
694 2355 943 2415 usurpatis.
1979 2355 1984 2360 ⁴

475 2431 721 2475 Moventur
746 2440 896 2476 motus
931 2429 992 2494 (v.
1014 2431 1149 2495 568).
1174 2433 1252 2479 Ad
1268 2435 1539 2479 Graecorum
1561 2437 1840 2495 exemplum.
1864 2434 1952 2480 Sic.
1973 2433 2135 2490 Arist.,

407 2508 469 2553 de
491 2508 695 2563 Anima,
721 2523 762 2567 1,
794 2523 833 2553 c.
864 2508 890 2553 3
907 2543 920 2566 ‚
953 2524 1002 2568 p.
1039 2509 1157 2568 382,
1192 2510 1297 2555 Cas.
1316 2527 1332 2554 .-
1356 2519 1435 2565 Τῆν
1454 2519 1610 2565 κίνησιν
1644 2520 1691 2562 τὸ
1711 2525 1832 2576 σῶμα
1860 2519 2031 2562 κινεῖται
2052 2550 2062 2569 ,
2086 2519 2132 2555 et

409 2585 603 2644 Horat.‚
642 2584 730 2630 Od.
754 2599 851 2643 111,
876 2584 933 2643 6,
962 2599 1018 2630 21
1054 2602 1067 2629 ε

642 2693 776 2732 Motus
798 2690 947 2731 moveri
965 2691 1107 2744 gaudet
1127 2692 1281 2750 Ionicos

642 2762 803 2801 Matura
820 2760 943 2814 virgo.

476 2859 649 2904 Versus
675 2856 766 2920 594
791 2867 838 2905 et
861 2856 953 2921 595
979 2858 1027 2903 in
1042 2858 1282 2905 nonnullis
1303 2858 1444 2906 codd.
1463 2858 1662 2919 desunt,
1686 2858 1981 2907 Wakefieldo
2012 2877 2132 2921 pro-

407 2934 677 2995 pensissime
701 2935 981 2997 plaudente,
1017 2936 1103 2997 qui
1129 2935 1200 2982 his
1227 2936 1440 2983 versibus
1467 2936 1625 2996 ejectis
1650 2944 1696 2982 et
1729 2937 2035 2983 antecedente
2066 2937 2133 2983 sic

408 3013 583 3074 scripto
615 3030 627 3058 ε

584 3114 648 3151 Ire
670 3111 802 3153 anima
816 3141 828 3160 ‚
851 3124 896 3154 ac
918 3120 1000 3154 toto
1022 3113 1119 3154 solvi
1137 3112 1269 3154 omnia
1285 3126 1449 3167 corpore
1469 3112 1663 3162 membra,

410 3199 567 3246 locum
590 3202 765 3263 optime
787 3203 1048 3264 procedere
1078 3203 1334 3250 contendit.
1740 3248 1742 3250 ,

476 3278 990 3340 Animo'malesactum
1020 3279 1081 3346 (v.
1111 3276 1242 3344 596).
1272 3283 1340 3328 Ita
1368 3290 1546 3328 veteres
1569 3281 1810 3340 dicebant,
1834 3279 1919 3326 ubi
1943 3277 2129 3325 deficie-
