2320 3866
12 103 18 115 -
7 0 26 71 ..η-α.

858 283 923 328 IN
947 283 1338 335 LUQRETIUM.
1852 290 1937 336 331

246 378 504 439 universam
534 380 629 424 vim
655 379 873 425 imbrium
907 392 1190 437 convocare,
1220 389 1273 425 ut
1310 381 1560 428 secundam
1601 380 1940 429 diluviemim-

243 464 438 514 portent
466 456 617 502 terris.
633 478 652 497 υ
849 444 858 452 ”

308 531 526 577 Fulmine
546 529 610 594 (v.
637 528 762 593 295).
787 528 993 587 Wakef.‚
1022 531 1192 590 partim
1214 548 1240 578 e
1269 534 1433 591 codd,
1455 533 1627 594 partim
1654 549 1712 580 ex
1733 533 1944 593 ingenio,

241 605 446 652 restituit
468 623 500 650 a
521 608 740 660 culmine,
768 619 908 664 quam
930 606 1178 651 lectionem
1199 608 1264 653 sic
1292 608 1630 668 interpretatur⁴
1648 624 1660 653 ε
1686 629 1705 651 «
1729 609 1845 654 Vult
1868 609 1946 652 ni-

244 679 415 726 mirum
434 691 578 742 poeta
597 689 786 727 ventum
809 679 874 725 ita
896 679 1101 727 incidere
1118 683 1303 741 vertici,
1318 685 1391 728 vel
1406 684 1636 744 superiori
1648 683 1774 743 parti
1786 683 1947 741 nubis,

240 757 338 817 jam
358 766 566 803 maturos
592 758 721 818 ignes
743 757 983 817 gestantis,
1004 767 1058 802 ut
1073 773 1181 802 -eam
1204 768 1437 818 permeet,
1461 769 1601 818 atque
1633 761 1824 804 alteram
1853 758 1947 803 sive

242 820 510 879 inferiorem
529 841 708 893 partem
731 831 852 890 ejus,
874 833 1000 877 unde
1023 834 1200 877 fulmen
1224 835 1401 890 evolet,
1423 844 1710 893 perrumpat.
1729 854 1749 875 »

307 912 525 970 ,Quo-us...
557 917 720 954 vortex
756 905 819 970 (v.
853 908 980 970 296).
1010 910 1227 953 «Vortex
1252 923 1277 954 e
1309 910 1436 954 nube
1458 910 1688 971 effugiens
1720 910 1818 955 sine
1839 910 1948 972 igne

241 985 445 1045 Typhon
473 991 686 1041 vocatur,
709 999 808 1028 non
827 983 1015 1028 fulmen.
1035 1003 1054 1025 »
1079 986 1240 1042 Pura,
1265 987 1323 1030 H.
1353 987 1410 1030 N.
1426 1018 1442 1040 ‚
1474 1002 1543 1042 11,
1573 987 1648 1041 48.

305 1058 367 1122 (v.
393 1056 521 1123 298.)
543 1078 562 1099 α
579 1062 637 1104 In
656 1069 816 1119 partes
848 1061 999 1114 allas,
1025 1059 1055 1105 i.
1078 1076 1116 1105 e.
1143 1077 1242 1105 non
1265 1063 1413 1106 solum
1439 1061 1584 1108 modo
1620 1077 1647 1107 a
1677 1062 1816 1107 nubis
1845 1065 1948 1108 cul-

237 1134 388 1194 mine,
413 1135 498 1181 sed
522 1150 549 1180 a
572 1135 816 1193 lateribus,
843 1144 889 1180 et
919 1136 981 1181 ah
994 1136 1086 1181 ima
1106 1146 1238 1197 parte
1263 1137 1488 1199 denique3
1511 1138 1549 1182 si
1570 1139 1699 1184 venti
1726 1139 1795 1184 vis
1821 1155 1878 1184 eo
1901 1156 1948 1186 se

237 1209 360 1256 forte
386 1210 576 1256 fortuna
610 1211 796 1269 tulerit,
822 1220 868 1256 et
899 1210 1123 1272 irruperit
1151 1213 1203 1257 in
1230 1206 1419 1259 nubem.
1445 1213 1566 1259 Hinc
1591 1223 1750 1259 nostra
1782 1230 1827 1259 v.
1855 1214 1946 1276 295

237 1286 511 1332 constitutio
523 1285 800 1331 validissime
815 1287 1068 1332 roboratur
1082 1287 1226 1348 ipsius
1237 1289 1353 1334 vatis
1369 1288 1657 1334 auctoritate.
1678 1309 1698 1330 >›
1713 1291 1912 1335 WAiuzr.

303 1363 458 1407 Multa
472 1364 636 1424 n‘gcnls·
649 1378 840 1422 corpora
853 1359 915 1426 (v.
929 1361 1058 1426 306).
1072 1365 1222 1408 Multa
1235 1365 1405 1426 frigida
1419 1381 1633 1426 corpora.
1651 1366 1720 1410 Cf.
1733 1382 1778 1422 v,
1792 1364 1902 1427 639.

304 1439 495 1499 Pepulit
513 1437 574 1499 (v.
594 1437 721 1501 309).
743 1436 973 1483 Absolute
994 1455 1084 1499 pro
1094 1441 1408 1500 pulsationem
1406 1442 1533 1501 fecit
1545 1476 1557 1498 ,
1583 1442 1656 1486 uti
1676 1442 1879 1501 perculit
1897 1440 1946 1484 in

235 1530 375 1560 versu
394 1514 611 1575 proxime
634 1524 871 1575 sequente.

306 1591 408 1636 Nec
428 1601 596 1636 temere
617 1588 681 1654 (v.
712 1588 840 1653 318).
866 1592 904 1635 Ι.
938 1606 978 1635 e.
1012 1606 1099 1635 nec
1121 1591 1280 1649 facile,
1302 1600 1357 1635 ut
1386 1591 1640 1637 sexcenties
1672 1608 1718 1636 v.
1750 1608 1788 1637 e.
1822 1591 1950 1652 apud

231 1669 483 1727 Nostrum,
506 1685 596 1726 111,
623 1669 836 1726 2533v1,
865 1668 987 1714 1218
1012 1677 1058 1713 et
1081 1669 1260 1728 saepius.

306 1745 527 1807 Conligit,
551 1755 600 1790 ec
623 1761 846 1806 magnum
868 1761 1093 1790 conamen
1116 1747 1258 1791 sumit
1274 1746 1418 1790 eundi
1440 1744 1499 1807 (v.
1527 1743 1654 1809 325).
1671 1744 1950 1805 Metaphora

236 1820 299 1866 ab
319 1820 377 1866 iis
397 1829 608 1882 sumpta,
631 1821 714 1882 qui
737 1820 941 1865 collectis
962 1821 1141 1867 viribus
1164 1831 1209 1867 et
1231 1820 1400 1881 spiritu
1432 1837 1530 1867 sese
1560 1821 1620 1866 ad
1642 1837 1831 1867 cursum
1861 1837 1951 1881 pa-

234 1904 351 1941 rant.

300 1974 501 2018 Versum
516 1971 612 2018 338
635 1973 842 2032 Nonius,
856 1990 974 2031 vm,
1001 1989 1027 2019 2
1041 2008 1054 2031 ,
1069 1974 1229 2019 laudat
1244 1974 1307 2019 ob
1329 1972 1555 2020 rariorem
1577 1973 1776 2018 formam
1791 1974 1947 2027 itiner,

235 2048 368 2107 cujus
388 2050 525 2108 plura
547 2052 758 2110 exempla
781 2066 839 2096 ex
861 2050 1006 2096 Accio
1019 2070 1042 2108 ,·
1055 2050 1232 2107 Ennio,
1254 2053 1471 2096 Varrone
1487 2084 1500 2107 ‚
1522 2050 1713 2107 Plauto,
1741 2058 1827 2094 etc.
1840 2084 1854 2107 ,
1878 2048 1951 2093 af-

234 2124 338 2171 fert.
355 2123 425 2170 Cf.
448 2125 587 2170 etiam
608 2128 897 2184 Cumusms,
919 2143 967 2187 p.
991 2128 1071 2183 16,
1093 2127 1155 2180 34
1177 2135 1222 2171 et
1247 2142 1364 2187 1093
1386 2129 1630 2170 PmscIAN.
1645 2159 1659 2182 ,
1682 2141 1756 2182 VI,
1772 2141 1795 2181 7
1816 2129 1840 2181 S
1861 2125 1949 2181 383

235 2208 282 2246 et
306 2202 510 2258 Ismon„
537 2202 692 2264 Orig„
717 2219 802 2260 xv,
836 2203 905 2248 16.
1496 2259 1498 2262 .

300 2278 624 2324 Foramim'bus·
637 2280 823 2340 liquidae
844 2278 906 2342 (v.
925 2276 1054 2342 348).
1078 2279 1116 2324 Ι.
1134 2294 1174 2323 e.
1198 2278 1368 2338 apertis
1389 2279 1463 2323 vel
1483 2278 1713 2324 inanibus.
1730 2277 1833 2323 'Sed
1846 2293 1951 2323 cum

234 2353 416 2398 Wakef.
440 2355 612 2400 rectius
624 2356 749 2417 legas
773 2356 997 2416 liquidus,
1031 2353 1248 2399 videlicet
1271 2355 1395 2415 ignis
1417 2355 1612 2399 subtilis.

300 2432 412 2475 Alta
439 2427 502 2491 (v.
529 2431 657 2494 356).
684 2432 760 2478 Sic
790 2447 949 2477 omnes
975 2431 1097 2476 libri.
1121 2431 1214 2476 Sed
1236 2441 1352 2490 apta
1374 2431 1626 2492 legendum
1641 2445 1739 2476 esse
1761 2429 1949 2474 Creech.

234 2514 281 2551 et
300 2507 448 2552 Bentl.
471 2515 760 2567 statuerunt,
785 2525 907 2569 quos
930 2517 1115 2555 secutus
1139 2507 1321 2554 Wakef.
1346 2523 1447 2553 eam
1473 2507 1721 2552 lectionem
1745 2506 1795 2550 in
1829 2521 1949 2550 con-

235 2590 412 2628 textum
434 2584 614 2644 recipit.
639 2589 794 2646 Aptus
814 2601 928 2631 vero
954 2585 1120 2630 eodem
1146 2584 1290 2629 modo
1325 2600 1416 2644 pro
1436 2584 1598 2643 fixus,
1633 2598 1889 2637 connexus,
1925 2598 1951 2627 a

236 2659 410 2705 Nostro
441 2671 698 2722 usurpatur
719 2662 858 2708 etiam
878 2678 931 2719 v,
957 2660 1075 2719 806,
1104 2668 1223 2718 1427
1253 2669 1298 2705 et
1321 2661 1499 2720 saepius.
1518 2660 1587 2705 Cf.
1611 2662 1756 2705 V11zo.
1774 2693 1787 2716 ,
1812 2661 1916 2703 AEn.
1933 2692 1947 2712 ,

236 2749 311 2791 π,
347 2749 456 2796 797,
479 2745 526 2782 et
547 2753 626 2795 xl,
652 2754 760 2794 202.

304 2811 429 2855 Nam
436 2812 596 2871 fretus
620 2817 721 2875 ipse
747 2815 866 2859 anni
890 2811 952 2877 (v.
980 2812 1107 2874 363).
1125 2832 1143 2852 «
1167 2813 1239 2857 Ita
1256 2819 1395 2856 vocat
1425 2826 1500 2855 eas
1523 2818 1818 2870 tempestates
1847 2826 1951 2869 quae

237 2885 386 2948 frigus
407 2895 455 2932 et
479 2890 679 2936 calorem
707 2891 1008 2951 interjacent,
1033 2897 1086 2934 ut
1116 2889 1289 2934 fretum
1321 2887 1534 2934 dividens
1558 2887 1675 2932 duas
1701 2887 1950 2931 continen-

237 2974 319 3010 tes.
345 2985 365 3006 »
397 2965 571 3010 FAmzn.

257 3083 260 3086 .
311 3039 583 3100 Antiquitus
606 3049 759 3087 autem
783 3042 920 3088 etiam
945 3041 1284 3087 substantivum
1301 3049 1477 3101 quartae
1502 3037 1826 3085 declinationis
1838 3036 1949 3095 fre-

239 3125 310 3163 tus
325 3115 377 3160 in
394 3132 483 3162 usu
505 3116 644 3162 fuisse
659 3116 831 3163 docent
852 3118 1036 3164 Nonius
1048 3134 1152 3174 ,ιιι
1166 3152 1178 3174 ,
1203 3131 1264 3177 92
1281 3132 1293 3173 ;
1312 3116 1510 3173 Gellius,
1527 3132 1623 3161 xm
1640 3151 1653 3173 ‚
1673 3131 1733 3160 20
1749 3132 1762 3172 ;
1779 3113 1949 3173 Sosip„

238 3192 438 3251 charia,
462 3209 511 3254 p.
545 3195 658 3250 103,
683 3194 897 3250 Putsck.;
920 3194 1129 3252 Arnob.‚
1155 3210 1198 3250 1,
1220 3209 1267 3253 p.
1298 3192 1383 3250 36;
1414 3202 1459 3239 et
1481 3192 1727 3247 Priscian.‚
1758 3207 1808 3236 vr
1825 3225 1839 3248 ,
1868 3187 1951 3245 15,

240 3270 264 3323 S
290 3283 368 3328 79.
