2320 3866
404 247 494 291 262
1012 240 1498 287 ADNOTATIONES

398 341 536 388 nibus
567 341 663 387 fere
693 339 807 384 locis
839 353 865 381 a
909 337 1148 382 nonnullis
1175 345 1297 382 certe
1321 337 1455 382 MSS.
1493 332 1827 394 comprobatur
1844 368 1856 390 ‚
1887 333 1944 378 cf.
1975 335 2108 378 WAx.

401 417 457 461 ad
482 417 607 461 hunc
637 418 806 461 locum.

462 493 573 537 Ruit
597 490 667 554 (v.
706 489 842 552 273).
883 488 1075 546 Active,
1112 497 1164 532 ut
1206 489 1354 545 infra,
1386 503 1437 543 1,
1472 500 1593 547 292,
1628 493 1674 530 et
1703 483 1829 545 apud
1863 483 2108 545 Virgilium

399 584 457 612 sae
495 584 533 613 e.

459 584 607 689 IZ'oeca
638 642 704 706 (v.
735 641 868 707 278).
901 644 1013 700 Quae
1041 642 1184 687 oculis
1212 640 1342 686 cerni
1367 656 1467 686 non
1496 648 1704 702 possunt.
1739 640 1814 686 Sic
1847 638 2016 684 eodem
2050 637 2111 681 li-

398 722 510 775 hro,
526 737 570 766 v.
599 735 726 781 779:

568 848 760 887 Naturam
779 844 1062 886 clandestinam
1082 857 1302 897 caecamque
1320 843 1524 884 adhibere.

398 964 621 1010 Similiter
642 963 892 1024 Virgilius,
915 965 1021 1007 AEn.
1039 997 1053 1016 ‚
1081 979 1098 1007 1
1117 998 1129 1020 ‚
1159 961 1252 1022 539
1282 978 1292 1005 :

1150 1086 1362 1127 Nimbosus
1384 1086 1511 1127 Orion
1570 1075 1572 1077 ‚

568 1158 617 1195 In
639 1154 738 1195 vada
761 1169 862 1198 caeca
883 1154 985 1196 tulit.

468 1273 663 1317 Verrunt
696 1270 768 1336 (v.
800 1271 936 1335 280).
974 1273 1072 1318 Alii
1103 1293 1122 1314 «
1144 1281 1343 1320 vertunt.
1372 1291 1392 1312 »
1425 1273 1587 1318 Male:
1627 1272 1793 1319 eodem
1821 1273 1947 1319 enim
1982 1289 2116 1319 sensu

401 1348 647 1410 Virgilius,
681 1352 786 1394 AEn.
807 1384 821 1404 ,
851 1366 869 1394 1
887 1385 899 1407 ‚
931 1349 992 1395 63
1027 1366 1037 1393 t

572 1505 727 1516 .....
747 1475 877 1517 Maria
897 1489 942 1516 ac
960 1482 1083 1516 terras
1105 1475 1324 1528 coelumque
1347 1461 1591 1530 profundum

569 1543 730 1599 Quippe
746 1543 876 1585 ferant
893 1544 1023 1598 rapidi
1044 1557 1177 1584 secum
1196 1551 1433 1598 verrantque
1455 1557 1526 1598 per
1545 1556 1671 1584 auraS.

480 1663 630 1721 Quum
652 1663 810 1706 mollis
832 1678 972 1723 aquoe
1004 1659 1075 1725 (v.
1104 1660 1239 1723 282).
1267 1662 1432 1717 Hom.,
1461 1663 1557 1716 IL,
1590 1677 1641 1720 v,
1667 1660 1724 1719 87
1747 1678 1758 1705 :
1799 1637 1802 1640 Δ

595 1808 699 1847 Θῦνι
724 1804 801 1862 γὰρ
838 1804 899 1862 ἂμ
922 1801 1088 1857 πεδίον,
1121 1810 1299 1861 ποταμῷ
1332 1804 1523 1850 πλήθοντι
1555 1804 1689 1853 ἐοικὼς

595 1881 836 1939 Χειμάῤῥῳ,
858 1882 943 1923 ὅστ’
967 1878 1054 1923 ὦκα
1081 1882 1176 1939 ῥέων
1210 1875 1414 1923 ἐκέδασσε
1435 1881 1616 1937 γεφύρας·

592 1959 667 2001 Τὸν
698 1954 738 2000 δ’
762 1959 841 2001 οὔτ’
865 1958 912 2015 ὀίρ
937 1975 982 2000 τε
1003 1959 1169 2019 γέφυραι
1204 1959 1412 2016 ἐεργμέναι
1438 1958 1697 2013 ἰσχανόωσιν,

596 2035 695 2077 οὕτ’
723 2035 803 2092 ἄρα
837 2035 954 2091 ἕρκεα
977 2034 1082 2090 ἴσχει
1117 2034 1282 2076 ἀλωάων
1313 2035 1516 2091 ἐριθηλέων
1533 2066 1543 2085 ,

594 2102 756 2153 Ἐλθόντ’
782 2110 989 2162 ἐξαπίνης,
1013 2111 1070 2152 ὅτ’
1101 2110 1289 2167 ἐπιβρίσῃ
1313 2111 1401 2159 Διὸς
1422 2110 1577 2167 ὄμβρος·

595 2187 732 2231 Πολλὰ
762 2184 804 2230 δ’
829 2190 898 2231 ὑπ’
924 2188 1047 2230 αὐτοῦ
1075 2189 1173 2245 ἔργα
1196 2188 1397 2244 κατήριπε
1420 2187 1510 2230 κάλ’
1541 2187 1701 2237 αἰζηῶν.

459 2317 531 2381 (v.
555 2316 686 2382 296.)
711 2319 847 2364 Hunc
880 2319 1036 2364 locum
1063 2318 1253 2364 Servius
1287 2318 1545 2379 respexisse
1577 2320 1768 2366 videtur
1786 2356 1800 2380 ,
1836 2320 1898 2366 ad
1926 2319 2090 2381 Virgil.
2109 2355 2120 2377 ‚

396 2397 590 2456 Θεονόη,
623 2412 701 2453 1v,
726 2410 845 2455 219,
867 2396 965 2440 haec
986 2395 1256 2440 adscribens
1288 2410 1300 2438 :
1329 2415 1349 2437 α
1369 2395 1610 2442 Lucretius
1641 2397 1784 2454 dicit,
1821 2412 1875 2442 ea
1906 2412 2008 2457 quae
2036 2412 2120 2456 per

394 2487 443 2518 se
472 2472 678 2533 probare
704 2487 807 2528 non
828 2486 1098 2531 possumus,
1116 2487 1143 2515 a
1168 2471 1398 2516 similibus
1423 2474 1808 2533 comprobanda3
1831 2481 2119 2533 ventumque

333 2545 335 2547 ’
393 2548 532 2595 docet
552 2564 652 2594 esse
681 2548 975 2608 corporalem
991 2582 1004 2604 ,
1037 2563 1136 2593 non
1165 2547 1294 2608 quod
1317 2563 1420 2592 eum
1451 2557 1610 2596 tenere
1633 2551 1708 2596 vel
1735 2565 1923 2595 cernere
1952 2565 2121 2609 possu-

392 2640 518 2684 mus,
557 2626 642 2672 sed
676 2625 806 2686 quod
843 2624 940 2684 ejus
966 2624 1131 2671 similis
1161 2640 1291 2685 aquae
1318 2624 1508 2671 effectus
1536 2636 1634 2686 est,
1658 2643 1798 2688 quam
1823 2627 2119 2687 corporalem

395 2718 494 2749 esse
516 2703 817 2748 manifestum
843 2710 927 2749 est.
951 2721 971 2743 ι»

463 2781 689 2825 Uvesctmt
709 2780 781 2842 (v.
812 2778 903 2837 307
917 2777 948 2842 ).
981 2778 1285 2825 Humescunt.

461 2856 731 2916 Dispansoe.
777 2855 867 2900 Alii
899 2875 918 2896 α
939 2855 1156 2916 dispessae
1189 2876 1208 2896 »
1233 2855 1466 2914 scribunt,
1500 2855 1702 2900 Gellium
1739 2856 2008 2914 audientes,
2039 2856 2120 2916 qui

393 2947 457 2977 xx
475 2967 488 2989 ,
534 2929 617 2991 15,
656 2932 823 2988 docet,
853 2939 1035 2977 veteres
1066 2932 1237 2978 dixisse
1265 2948 1468 2993 passum
1496 2948 1521 2976 a
1542 2933 1735 2992 pando,
1778 2948 1874 2980 non
1891 2948 2119 2994 pansum,

393 3008 528 3055 Idem
557 3019 721 3055 monet
754 3009 942 3055 Servius
972 3009 1034 3055 ad
1062 3008 1193 3070 Virg.
1211 3045 1223 3067 ,
1255 3012 1361 3054 AEn.
1382 3042 1398 3064 ‚
1431 3025 1476 3067 1,
1511 3008 1621 3062 480.

461 3086 721 3132 Set-escunt.
745 3086 1012 3145 siccantur,
1036 3092 1302 3151 ξηραίνονται.
1398 3120 1400 3122 >

463 3165 675 3209 Annulus
701 3162 772 3226 (v.
806 3161 924 3223 313,
959 3162 1094 3227 314).
1130 3164 1381 3219 Plutarch„
1413 3163 1474 3208 de
1502 3162 1600 3207 Lib.
1635 3163 1785 3208 Educ.
1802 3195 1818 3219 ‚
1851 3179 1936 3209 xv:
1965 3168 2118 3224 Σταγό-

395 3262 455 3294 νες
487 3247 557 3302 μὲν
580 3247 656 3305 γὰρ
686 3244 835 3296 ὕδατος
855 3248 1006 3305 πέτρας
1031 3249 1287 3292 κοιλαίνουσι·
1313 3244 1474 3304 σίδηρος
1496 3243 1544 3289 δὲ
1572 3245 1642 3290 καὶ
1663 3247 1811 3303 χαλκὸς
1825 3248 1919 3295 ταῖς
1946 3246 2123 3301 ἕπαφαῖς
