2300 3926
188 319 241 369 (v.
258 318 374 369 650.)
597 316 677 360 DE
711 311 932 358 RERUM
963 310 1217 355 NATURA
1254 311 1366 354 LIB.
1408 312 1487 354 IV.
1803 311 1890 372 139

189 423 268 478 Ut
296 433 423 477 sunt
453 416 737 476 dissimiles
767 416 1102 474 extrinsecus
1121 458 1136 488 ‚
1167 426 1222 470 et
1252 415 1550 492 generatim

188 522 406 578 Extima
437 517 806 597 membrorum
837 516 1249 570 circumcaesura
1275 525 1519 586 coercet3

176 620 424 677 Proinde
451 631 506 676 et
531 615 826 675 seminibus
859 615 1065 672 distant
1082 659 1097 686 ,
1125 616 1448 698 yariantque
1475 614 1683 692 figura:

187 721 405 775 Semina
430 738 602 795 quum
629 735 795 793 porro
827 714 1032 775 distent
1052 759 1067 788 ‚
1099 715 1317 771 differre
1341 734 1556 770 necesse
1590 723 1672 768 est

185 817 476 874 Intervalla
504 817 748 891 viasque,
776 815 1046 871 foramina
1081 835 1201 891 quae
1229 813 1579 890 perhibemus
1596 847 1629 884 ‚=

185 918 452 974 Omnibus
481 917 539 972 in
564 914 855 987 membris,
888 927 944 970 et
967 916 1024 969 in
1050 934 1147 969 ore
1176 914 1406 990 ipsoque
1432 910 1651 988 palato:

102 1011 109 1018 ’
185 1021 319 1073 Esse
344 1017 557 1072 minora
585 1015 755 1092 igitur
779 1013 1060 1091 quaedam‚
1089 1013 1408 1090 majoraque
1443 1010 1671 1083 debent,

181 1120 310 1173 Esse
338 1117 607 1191 triquetra
631 1113 775 1186 aliis,
808 1112 926 1169 aliis
955 1112 1223 1189 quadrata
1253 1132 1473 1169 necesse
1505 1122 1616 1181 est,

179 1213 360 1271 Multa
389 1214 659 1287 rotunda,
693 1213 872 1269 modis
905 1211 1093 1269 multis
1119 1205 1468 1289 multangula
1497 1210 1776 1287 quaedamz
1822 1224 1829 1231 ’

179 1315 434 1390 Namque
464 1313 768 1390 figurarum
794 1325 859 1369 ut
891 1314 1033 1368 ratio
1053 1355 1068 1383 ‚
1099 1324 1392 1387 motusque
1422 1323 1717 1387 reposcunt

179 1412 419 1469 Proinde
452 1412 810 1468 foraminibus
838 1411 1039 1467 debent
1068 1411 1289 1466 differre
1321 1410 1537 1488 figurae,

180 1515 252 1568 Et
281 1513 492 1568 variare
522 1513 620 1568 viae
652 1511 887 1589 proinde
919 1532 982 1567 ac
1010 1523 1225 1566 textura
1251 1522 1466 1566 coercet
1491 1531 1503 1564 :

179 1615 330 1690 Ergo
364 1613 460 1668 uhi
494 1611 642 1688 quod
674 1631 840 1666 suave
869 1622 950 1666 est
983 1609 1102 1665 aliis
1122 1652 1137 1681 ‚
1167 1608 1286 1665 aliis
1315 1609 1378 1664 fit
1404 1628 1684 1680 amarum,

180 1710 318 1782 Illis,
350 1712 501 1788 queis
530 1731 694 1767 suave
722 1723 835 1780 est,
866 1709 1154 1767 laevissima
1186 1729 1421 1786 corpora
1451 1708 1654 1764 debent

179 1809 658 1867 Contrectabiliter
688 1809 870 1866 caulas
903 1812 1111 1866 intrare
1141 1809 1310 1888 palati
1339 1832 1351 1865 z

178 1913 250 1967 At
280 1923 500 1984 contra,
533 1910 733 1988 quibus
761 1923 843 1967 est
869 1910 1062 1967 eadem
1088 1931 1176 1967 res
1205 1912 1352 1967 intus
1382 1911 1603 1983 acerba,

178 2011 384 2088 Aspera
418 1996 680 2067 nimirum
705 2012 1358 2088 penetrant‘hamataque
1394 2011 1594 2068 fauces,

262 2111 314 2167 N
319 2130 426 2166 unc
454 2110 613 2166 facile
644 2132 712 2166 ex
741 2113 826 2167 his
855 2124 938 2168 est
966 2111 1132 2168 rebus
1164 2131 1495 2189 cognoscere
1527 2127 1773 2186 quaeque.

178 2210 431 2287 Quippe,
461 2210 557 2266 ubi
590 2212 721 2287 quoi
753 2211 922 2269 febris
933 2255 949 2284 ‚
983 2211 1081 2267 biii
1114 2222 1434 2288 superante,
1470 2222 1662 2265 coorta
1690 2222 1800 2280 est,

178 2311 290 2365 Aut
321 2307 428 2365 alia
458 2310 671 2365 ratione
699 2308 883 2387 aliqua
917 2323 999 2366 est
1030 2312 1111 2366 vis
1135 2312 1310 2366 excita
1337 2310 1517 2365 morbi
1541 2330 1556 2381 ;

178 2409 541 2465 Perturbatur
563 2409 640 2465 ibi
669 2422 847 2467 totum
866 2412 979 2488 jam
1014 2431 1243 2488 coerS‚
1276 2423 1331 2466 et
1361 2430 1551 2466 omnes

178 2509 608 2566 Commutantur
638 2510 713 2567 ibi
744 2512 1002 2588 positurae
1035 2511 1466 2589 principiorum3

180 2609 292 2681 Fit,
324 2610 476 2686 prius
509 2610 580 2666 ad
605 2631 827 2667 sensum
861 2623 923 2667 ut
959 2632 1078 2688 quae
1108 2632 1340 2689 corpora
1371 2611 1795 2679 conveniebant,

179 2709 341 2764 Nunc
368 2730 479 2765 non
507 2714 839 2769 conveniant
857 2756 872 2785 ‚
903 2726 959 2770 et
989 2725 1190 2771 caetera
1218 2714 1330 2781 sint
1353 2713 1524 2788 magis
1556 2722 1711 2787 apta,

179 2808 317 2879 Quae
347 2823 629 2885 penetrata
659 2826 869 2890 queunt
895 2834 1114 2870 sensum
1142 2815 1473 2891 progignere
1506 2813 1763 2868 acerbum
1774 2835 1787 2885 3

180 2909 432 2984 Utraque
458 2912 604 2967 enim
631 2926 759 2970 sunt
790 2915 847 2969 in
877 2914 1052 2971 mellis
1079 2915 1365 2971 commista
1393 2934 1618 2990 sapore,

180 3007 244 3062 Id
275 3007 425 3083 quod
451 3013 563 3086 jam
596 3032 791 3090 supera
817 3014 918 3071 tibi
953 3036 1094 3093 saepe
1126 3013 1461 3071 ostendimus
1490 3025 1634 3069 ante.

237 3133 239 3136 ¹
263 3110 425 3165 Nunc
461 3130 590 3187 age,
622 3133 733 3189 quo
762 3129 925 3192 pacto
953 3137 1112 3174 nares
1143 3117 1388 3193 adjectus
1414 3114 1598 3172 odoris

180 3210 421 3286 Tangat,
454 3230 628 3287 agam.
659 3215 904 3272 Primum
929 3238 1013 3274 res
1044 3218 1242 3273 multas
1276 3237 1390 3273 esse
1424 3237 1639 3272 necesse
1667 3230 1773 3287 est,

184 3308 345 3365 Unde
376 3309 549 3367 fluens
580 3312 762 3369 volvat
792 3318 974 3374 varius
1006 3339 1062 3373 se
1094 3319 1293 3375 fluctus
1324 3316 1554 3373 odorum
1584 3339 1594 3371 :
