2320 3866
242 287 293 338 (v.
317 286 455 338 1191.)
669 282 749 327 DE
782 278 1003 325 RERUM
1034 277 1287 322 NATURA
1324 278 1436 322 Lm.
1476 277 1530 320 v,
1850 285 1935 317 ποι

244 387 471 460 Nubila,
500 407 615 459 ros,
644 384 867 461 imbres,
897 381 1021 452 nix,
1057 382 1234 454 venti,
1264 379 1522 454 fulmina,
1555 377 1788 457 grando,

242 492 314 546 Et
343 486 519 565 rapidi
547 480 821 553 fremitu8‚
849 492 904 545 et
937 501 1219 537 murmura
1249 495 1445 558 magna
1482 480 1774 535 minarum.

319 591 371 645 Ο
401 588 566 664 genus
599 579 784 660 infelix
810 579 1141 652 humanum,
1173 578 1303 636 talia
1334 580 1488 636 Divis

240 688 428 760 Quum
462 682 651 740 tribuit
680 679 843 751 facta,
876 691 1042 756 atque
1072 680 1179 735 iras
1212 679 1464 755 adjunxit
1495 672 1751 733 acerbas!

241 788 487 859 Quantos
516 794 629 838 tum
664 779 897 857 gemitus
930 780 1033 856 ipsi
1065 779 1166 834 sibi
1187 821 1202 850 ,
1234 789 1549 854 quantaque
1583 775 1744 832 nobis

238 883 499 954 Volnera⁴,
527 900 659 957 quas
690 877 954 955 lacrymas
985 897 1246 953 peperere
1280 874 1575 931 minoribu’
1610 868 1846 933 nostris!

316 985 432 1040 Nec
463 980 635 1057 pietas
666 976 781 1033 ulla
810 988 893 1033 est
920 975 1163 1033 velatum
1193 995 1332 1052 saepe
1360 974 1535 1031 videri
1570 962 1574 969 k

235 1081 449 1139 Vertier
481 1079 549 1134 ad
583 1067 848 1156 lapidem,
873 1088 1037 1153 atque
1066 1096 1254 1132 omnes
1284 1074 1540 1131 accedere
1570 1073 1638 1130 ad
1671 1094 1813 1145 arem,

234 1181 350 1237 Nec
380 1179 744 1258 procumbere
782 1178 938 1233 humi
974 1189 1344 1254 prostratum,
1382 1188 1446 1239 et,
1464 1174 1704 1252 pandere
1735 1172 1941 1250 palmas

232 1284 373 1338 Ante
401 1282 584 1335 Deum
612 1277 867 1348 delubra,
894 1297 994 1333 nec
1026 1298 1146 1333 aras
1181 1277 1446 1354 sanguine
1470 1273 1645 1331 multo

233 1381 496 1458 Spargere
521 1378 967 1456 quadrupedum,
995 1398 1098 1434 nec
1127 1379 1268 1435 votis
1304 1386 1522 1433 nectere
1554 1388 1712 1446 vota;

235 1479 342 1536 Sed
371 1499 525 1556 mage
558 1490 750 1556 pacata
779 1499 938 1556 posse
970 1479 1154 1534 omnia
1184 1489 1367 1534 mente
1400 1477 1544 1533 tueri
1577 1498 1590 1532 ε

236 1579 378 1634 Nam
410 1599 584 1654 quum
615 1577 939 1654 suspicimus
965 1578 1149 1655 magni
1179 1575 1414 1633 coelestia
1440 1575 1635 1631 mundi

234 1675 460 1754 Templa
488 1697 672 1754 super,
710 1674 986 1753 stellisque
1014 1677 1344 1732 micantibus
1370 1676 1574 1731 aethera
1606 1674 1807 1746 fixum,

231 1779 305 1832 Et
327 1777 475 1831 venit
502 1776 559 1831 in
589 1788 826 1832 mentem
861 1775 990 1833 solis
1019 1775 1270 1854 lunaeque
1298 1777 1538 1849 viarum3

230 1877 387 1931 Tunc
414 1873 533 1931 aliis
568 1896 827 1953 oppressa
858 1875 1017 1933 malis
1053 1879 1109 1933 in
1139 1889 1371 1955 pectore
1390 1897 1522 1933 cura

229 1973 331 2031 Illa
363 1995 580 2053 quoque
609 1957 1053 2054 expergefactum
1078 1990 1245 2056 caput
1277 1979 1486 2056 erigere
1514 1977 1635 2032 infit

230 2077 434 2152 Ecquae
463 2076 604 2133 forte
630 2079 814 2134 Deum
842 2079 1001 2135 nobis
1031 2081 1299 2135 immensa
1335 2073 1586 2156 potestas

233 2175 348 2246 Sit,
377 2176 531 2231 vario
567 2188 722 2232 motu
751 2198 872 2253 quae
904 2177 1138 2234 candida
1169 2178 1348 2234 sidera
1382 2190 1578 2233 verset.
1610 2185 1613 2188 ’

231 2274 607 2344 Tentatenim
635 2274 859 2332 dubiam
894 2289 1135 2333 mentem
1170 2278 1398 2333 rationis
1429 2257 1636 2356 egestas
1647 2318 1662 2348 ‚

230 2375 562 2449 Ecquaenam
593 2374 760 2431 fuerit
788 2375 981 2432 mundi
1012 2376 1261 2454 genitalis
1291 2379 1474 2455 orig0‚

230 2474 303 2529 Et
330 2471 491 2528 simul
522 2494 704 2550 ecquae
732 2475 801 2530 sit
833 2475 981 2548 finis,
1016 2475 1199 2552 quoad
1229 2477 1429 2532 moenia
1464 2476 1659 2532 mundi

230 2574 393 2628 Hunc
422 2574 561 2629 tanti
588 2586 770 2630 motus
790 2576 1006 2652 possint
1034 2575 1274 2652 perferre
1304 2569 1581 2647 laborem3

232 2672 323 2727 An
357 2671 618 2730 divinitus
650 2686 852 2731 aeterna
882 2675 1084 2732 donata
1113 2674 1318 2748 salute,

233 2771 509 2847 Perpetuo
540 2775 751 2850 possint
780 2777 880 2831 aevi
909 2774 1144 2832 labentia
1177 2789 1385 2848 tractu,
1479 2791 1483 2794 ’

235 2871 492 2927 Immensi
521 2872 726 2930 validas
753 2876 855 2931 aevi
883 2880 1233 2932 contemnere
1262 2876 1418 2931 vires.

315 2972 613 3044 Praeterea,
645 2976 735 3031 cui
763 2997 876 3032 non
907 2978 1121 3034 animus
1152 2975 1448 3033 formidine
1480 2976 1684 3032 Divum

235 3071 636 3128 Contrahitur?
664 3075 751 3131 cui
780 3097 891 3133 non
921 3091 1230 3155 conrepunt
1255 3076 1502 3133 membra
1533 3097 1762 3153 pavore,

233 3169 501 3228 Fulminis
532 3172 780 3230 horribili
810 3197 980 3254 quum
1010 3177 1171 3257 plaga
1201 3177 1409 3235 torrida
1440 3175 1601 3232 tellus

235 3272 572 3345 Contremit,
606 3286 660 3330 et
692 3295 950 3353 magnum
984 3291 1314 3355 percurrunt
1346 3298 1631 3334 murmura
1664 3276 1897 3334 coelum?
