2320 3866
833 299 899 344 IN
927 300 1308 347 LUCRETIUM.
1829 304 1919 349 323

293 396 349 439 V.
381 394 476 456 899
509 399 554 439 et
572 364 674 455 9oo
689 378 1074 440 Wakefieldo'sie‘
1091 392 1408 440 'constituendi
1438 393 1688 440 videntur:

395 521 566 562 Flamma
586 492 742 575 quidem
763 518 952 572 quoniam
971 528 1052 561 tam
1075 534 1242 576 corpora
1263 521 1368 562 fulva
1389 522 1547 562 leonum

396 590 486 628 Jam
506 588 651 637 soleat,
675 595 747 627 etc.

250 721 252 723 ’
289 704 350 770 (v.
385 706 516 772 903.)
534 707 608 754 Sic
639 707 891 763 Homerus,
924 708 1096 764 Iliad„
1122 724 1197 764 vi,
1226 707 1309 752 181
1343 725 1353 752 :

419 839 569 897 Πρόσθε
596 834 717 888 λέων,
750 837 882 880 ὄπιθεν
914 835 963 880 δὲ
994 834 1174 895 δράκων,
1202 839 1333 894 μέσση
1365 834 1414 881 δὲ
1436 841 1608 898 χίμαιρα

419 914 548 956 Δεινὸν
572 913 848 955 ἀποπνείουσα
874 913 992 969 πυρὸς
1015 914 1128 970 μένος
1146 913 1378 970 αἰθομένοιο.

220 1041 290 1087 Cf.
309 1041 445 1086 etiam
468 1041 670 1085 Hnsmn.
683 1073 698 1097 ‚
729 1040 927 1100 Theog„
949 1039 1056 1085 323.
1124 1086 1127 1088 ,

211 1168 214 1170 ,
282 1116 408 1162 Labi
425 1113 488 1180 (v.
509 1115 639 1178 928).
663 1119 756 1161 Pro
773 1117 894 1161 labe.
927 1115 1005 1161 Sic
1020 1115 1178 1176 parti,
1205 1115 1328 1170 tabi,
1353 1125 1436 1163 etc.

281 1193 523 1254 Multaque
527 1207 625 1253 per
643 1194 808 1236 coelum
823 1193 936 1250 solis
960 1192 1192 1237 volventia
1210 1193 1355 1236 Iustm
1380 1190 1444 1256 (v.
1475 1191 1605 1258 929).
1629 1195 1667 1239 I.
1697 1209 1735 1239 e.
1759 1196 1932 1244 multos

211 1275 301 1330 per
321 1285 483 1316 annos.

211 1388 213 1392 ,
284 1345 526 1391 Clan’citat
548 1343 610 1409 (v.
635 1343 773 1410 945).
799 1346 1067 1404 «Advocat,
1091 1346 1268 1390 invitat.
1302 1347 1362 1391 Et
1388 1346 1486 1391 haec
1507 1346 1635 1392 Bosii
1664 1341 1933 1407 conjectura

214 1419 348 1484 (nam
381 1421 607 1482 quidam:
642 1425 771 1467 clare
797 1422 910 1466 citat
941 1423 1010 1466 ad
1035 1437 1086 1466 se
1109 1423 1185 1466 vel
1221 1423 1392 1467 clarior
1420 1420 1616 1486 accitas)
1658 1432 1726 1469 est
1764 1425 1932 1484 plausu

215 1497 526 1559 dignissima.»
551 1499 729 1543 Fannii.
756 1497 946 1559 Forbig.
976 1513 1090 1543 vero
1127 1513 1152 1542 e
1186 1497 1309 1557 conj.
1336 1499 1476 1559 longe
1505 1498 1713 1544 feliciore
1739 1500 1888 1545 edidit
1919 1518 1930 1546 :

217 1573 371 1618 Claru’
388 1575 505 1619 citat
528 1576 622 1619 late
636 1582 683 1619 et
705 1573 989 1633 adjectivum
1003 1573 1067 1619 sic
1092 1573 1291 1634 explicat
1311 1590 1322 1617 :
1340 1592 1360 1614 «
1376 1574 1540 1619 Clarus
1563 1573 1639 1619 hic
1665 1584 1732 1620 est
1752 1592 1763 1620 :
1794 1577 1932 1621 undi-

213 1664 330 1708 que,
359 1665 385 1694 e
426 1649 687 1712 longinquo
720 1649 1001 1706 audiendus,
1027 1657 1080 1694 ut
1109 1664 1154 1706 1,
1181 1648 1268 1709 983
1291 1648 1450 1711 Virg.,
1483 1650 1697 1706 AEneid.‚
1727 1666 1780 1708 v,
1812 1652 1931 1712 1393

214 1725 376 1783 Ovid.‚
398 1726 540 1780 Met.,
567 1741 640 1783 ιν,
669 1725 757 1771 138
786 1734 832 1770 et
850 1725 1028 1785 saepius.
1054 1745 1074 1767 »

278 1802 492 1847 Exibunt
522 1799 584 1865 (v.
611 1798 739 1864 947).
776 1801 955 1847 Wakef.
991 1802 1174 1863 scripsit
1206 1803 1444 1857 excibant,
1480 1803 1637 1848 locum
1675 1803 1739 1848 sic
1777 1803 1930 1863 expli-

211 1892 318 1923 cans
341 1866 353 1922 ἑ
376 1897 396 1918 «
412 1878 636 1939 Nymphae
658 1878 1001 1924 exsuscitabant
1025 1887 1071 1923 et
1100 1879 1422 1940 properabant
1438 1893 1598 1939 aquas.
1626 1898 1646 1920 »

205 1994 208 1998 .
274 1954 353 2000 Ad
381 1970 426 2001 v.
460 1953 555 2016 948
578 1954 676 2000 haec
708 1963 902 2000 annotat
938 1955 1127 2018 Forbig.
1157 1972 1168 2001 ε
1191 1976 1216 1998 ιε
1247 1956 1400 2015 Miror
1435 1954 1669 2000 neminem
1696 1955 1929 2014 editorum

211 2030 271 2075 de
293 2046 429 2076 semu
451 2025 608 2076 versus
640 2031 875 2092 sequentis
906 2032 1076 2078 dixisse
1094 2066 1108 2090 ‚
1143 2033 1227 2094 qui
1265 2049 1364 2078 non
1393 2032 1529 2077 nimis
1565 2032 1615 2077 in
1647 2032 1807 2092 aprico
1831 2049 1926 2093 po-

211 2106 325 2152 situs
349 2106 550 2152 videtur.
573 2106 807 2168 Equidem
828 2109 985 2153 locum
1005 2109 1068 2153 sic
1096 2109 1278 2172 explico
1308 2125 1320 2153 ε
1340 2108 1564 2169 Nymphae
1591 2123 1651 2154 ex
1668 2108 1811 2153 antris
1841 2124 1927 2153 ex-

211 2183 496 2228 suscitabant
517 2183 666 2239 rivOS,
689 2183 772 2243 qui
796 2184 925 2245 larga
944 2184 1161 2244 proluvie
1183 2187 1392 2230 lavarent
1417 2185 1611 2229 humida
1639 2199 1788 2239 saxa,
1825 2200 1926 2245 quae

211 2273 353 2318 super
373 2255 428 2322 (i.
456 2273 495 2303 e.
524 2273 695 2318 supra‚-
715 2258 765 2303 in
794 2258 1067 2324 superficie)
1099 2261 1343 2306 stillabant
1368 2257 1511 2321 aqua.
1541 2267 1597 2305 ut
1630 2259 1800 2305 viridis
1831 2277 1929 2305 mu-

211 2350 343 2390 scus,
380 2332 478 2395 quo
507 2334 698 2379 obtecta
721 2343 875 2392 erant,
900 2336 1000 2395 ipse
1031 2337 1171 2382 etiam
1197 2336 1388 2382 stillaret
1407 2351 1543 2397 aqua.
1562 2357 1582 2377 »

283 2412 329 2454 V
323 2411 508 2456 itabant
521 2427 683 2472 pauca
700 2412 890 2456 latebris
913 2409 972 2476 (v.
994 2411 1123 2476 967).
1152 2434 1174 2468 ςς
1185 2411 1485 2477 Paucae‚(ferae
1501 2410 1618 2477 scil.)
1641 2413 1737 2458 vim
1762 2429 1926 2458 eorum

209 2487 399 2533 latebris
413 2487 638 2535 vitabant.
654 2508 673 2529 »
702 2489 914 2534 Cauca.

289 2565 549 2626 Vergebant
575 2562 637 2628 (v.
663 2554 1169 2635 1008).1nfundebant.
1194 2566 1270 2612 Sic
1292 2568 1504 2624 Plautus,
1529 2566 1681 2623 Cura,
1699 2583 1741 2624 1,
1761 2582 1812 2623 2,
1839 2581 1892 2610 12
1915 2584 1923 2610 :

293 2711 301 2723 ι·
387 2721 577 2733 .....
607 2694 816 2746 Invergere
833 2692 876 2733 in
894 2706 958 2733 me
975 2691 1148 2747 liquores
1169 2701 1256 2734 tuos
1290 2702 1292 2705 ’
1380 2687 1382 2689 ’

383 2759 476 2800 sino
498 2760 646 2802 ductim
650 2792 835 2802 .....

211 2879 268 2922 Et
290 2877 447 2939 Virg.,
473 2864 697 2938 AEneid.,‚
720 2897 797 2939 vl,
832 2887 925 2936 244
961 2898 972 2925 :

384 3033 575 3045 .....
604 3006 819 3060 Frontique
842 3007 1013 3062 invergit
1031 3006 1122 3047 vina
1140 3006 1332 3047 sacerdos.

208 3093 225 3111 τι
252 3073 445 3134 Vergere
471 3080 625 3119 autem
655 3082 723 3120 est
754 3090 977 3124 conversa
1001 3077 1050 3126 in
1078 3066 1308 3122 sinistram
1332 3082 1515 3135 partem
1546 3089 1688 3120 manu
1714 3074 1777 3120 ita
1806 3075 1920 3120 fun-

208 3150 340 3209 dere,
362 3158 417 3195 ut
436 3158 597 3211 patera
624 3159 936 3199 convertatur.
951 3174 971 3196 »
994 3155 1214 3199 Snnvms.

272 3228 412 3272 Alsia
451 3224 514 3291 (v.
553 3225 708 3291 1014).
742 3229 969 3275 Nonnulli
1003 3230 1141 3275 codd.
1177 3230 1341 3290 algida
1375 3228 1622 3281 exhibent,
1660 3227 1790 3289 quod
1824 3243 1919 3272 non

207 3304 396 3360 mirum,
415 3320 560 3365 quum
587 3320 680 3350 vox
697 3305 843 3351 alsius
864 3322 953 3367 pro
978 3309 1178 3353 als-iosus
1188 3321 1419 3367 nusquam
1433 3305 1544 3351 alibi
1566 3312 1797 3363 occurrat,
1811 3305 1920 3350 licet

1510 3411 1599 3445 21.
