2300 3926
248 330 301 381 (v.
323 329 433 380 171.)
654 325 735 379 DE
771 322 990 368 RERUM
1023 323 1275 366 NATURA
1309 322 1419 365 LIB.
1456 323 1534 367 lV.
1846 318 1932 364 123

249 432 530 509 Undique,
561 429 642 485 uti
670 426 916 483 tenebras
943 445 1127 481 omnes
1159 425 1473 482 Acherunta
1498 426 1662 480 rearis

249 533 521 608 Liquisse,
540 540 593 584 et
622 546 843 603 magnas
872 524 990 581 coeli
1019 524 1314 602 complesse
1347 543 1636 591 cavernas;

162 657 167 661 ·
249 634 434 708 Usque
458 628 614 699 aden,
642 637 780 681 tetra
801 625 1113 681 nimborum
1144 637 1305 681 nocte
1335 635 1548 695 coorta,

248 727 566 808 Impendent
592 737 721 782 atrae
748 724 1051 780 formidinis
1082 745 1179 780 ora
1213 745 1445 800 superne
1474 745 1486 778 ε

249 831 501 903 Quorum
525 823 785 902 quantula
811 844 937 900 pars
962 824 1032 879 sit
1058 825 1240 900 imago
1258 865 1274 895 ,
1305 822 1482 877 dicere
1509 841 1670 876 nemo
1695 831 1777 875 est

249 928 356 1000 Qui
379 926 546 1004 possit
561 968 578 996 ,
610 944 785 1000 neque
812 944 930 979 eam
954 924 1220 979 rationem
1244 921 1472 977 reddere
1496 920 1671 976 dictis.

327 1028 486 1084 Nunc
517 1045 642 1102 age,
671 1044 834 1101 quam
856 1021 1020 1079 celeri
1049 1034 1202 1078 motu
1234 1020 1524 1078 simulacra
1555 1021 1834 1090 ferantur,

246 1130 317 1184 Et
343 1146 462 1203 quae
480 1123 753 1181 mobilitas
775 1122 895 1180 ollis
923 1111 1263 1180 tranantibus
1283 1142 1441 1178 auras
1459 1121 1464 1126 ’

246 1225 476 1284 Reddita
507 1226 608 1295 sit,
639 1223 805 1301 longo
830 1235 891 1279 ut
919 1225 1092 1300 spatio
1120 1223 1301 1279 brevis
1334 1223 1470 1278 hora
1501 1232 1729 1291 teratur,

246 1330 310 1382 In
339 1344 714 1402 quemcunque
743 1323 924 1379 locum
959 1323 1172 1380 diverso
1202 1323 1426 1379 numine
1457 1321 1691 1377 tendunt
1709 1364 1723 1390 ,

250 1425 547 1482 Suavidicis
573 1425 785 1501 potius,
818 1443 983 1500 quam
1010 1422 1221 1495 multiS,
1254 1423 1502 1479 versibus
1532 1420 1685 1476 edam
1724 1442 1734 1474 :

248 1527 453 1580 Parvus
479 1535 542 1579 ut
562 1536 642 1579 est
673 1524 827 1599 cycni
858 1521 1050 1578 melior
1077 1543 1262 1594 canor,
1293 1522 1383 1577 ille
1416 1541 1615 1598 gruum
1647 1539 1810 1595 quam

250 1622 485 1689 Clamor,
512 1623 568 1677 in
601 1621 832 1677 aetheriis
863 1622 1134 1699 dispersus
1161 1622 1398 1676 nubibus
1424 1621 1610 1675 austri.

323 1720 630 1797 principie,
664 1740 899 1797 persaepe
928 1719 1069 1775 leves
1099 1740 1214 1792 reS,
1242 1732 1406 1795 atque
1438 1718 1661 1774 minutis

248 1819 582 1896 Corporibus
609 1818 803 1892 factas,
836 1819 1038 1875 celeres
1067 1819 1193 1889 licet
1222 1839 1334 1875 esse
1363 1820 1563 1882 videre.

246 1922 312 1975 In
343 1940 452 1995 quo
472 1919 584 1995 jam
614 1930 808 1996 genere
831 1932 910 1975 est
942 1919 1069 1976 solis
1094 1919 1211 1992 luit,
1244 1932 1297 1976 et
1323 1941 1495 1997 vapor
1524 1920 1668 1996 ejus3

249 2019 537 2094 Propterea
559 2019 686 2094 quia
709 2031 839 2074 sunt
859 2040 889 2075 e
912 2021 1103 2096 primis
1126 2019 1267 2076 facta
1290 2021 1540 2092 minutis;

247 2118 386 2189 Quae
411 2119 564 2193 quasi
591 2117 908 2190 truduntur,
933 2139 1139 2195 perque
1171 2121 1309 2175 aeris
1334 2119 1680 2176 intervallum

250 2218 376 2273 Non
405 2216 657 2273 dubitant
682 2219 913 2274 transire
931 2261 946 2291 ,
976 2220 1222 2294 sequenti
1255 2221 1468 2275 concita
1494 2219 1657 2296 plaga
1684 2241 1695 2274 :

250 2315 644 2392 suppeditatur
672 2317 818 2371 enim
847 2316 1133 2372 confestim
1156 2316 1364 2373 lumine
1393 2318 1575 2374 lumen
1594 2361 1609 2388 ,

248 2417 319 2470 Et
344 2416 498 2490 quasi
526 2414 738 2492 protelo
765 2415 1074 2472 stimulatur
1097 2416 1313 2494 fulgure
1338 2416 1538 2494 fulgur.

250 2513 617 2590 Quapropter,
646 2515 935 2572 simulacra
964 2517 1083 2594 pari
1114 2518 1326 2573 ratione
1349 2537 1564 2573 necesse
1589 2531 1669 2574 est

250 2614 684 2697 Immemorabile
713 2637 813 2694 per
845 2618 1080 2694 spatium
1108 2629 1478 2674 transcurrere
1505 2639 1660 2695 posse

251 2707 531 2789 Temporis
560 2715 616 2770 in
644 2728 850 2792 puncto
881 2738 893 2772 :
924 2719 1191 2794 primum,
1219 2718 1366 2794 quod
1395 2717 1618 2795 parvola
1645 2738 1808 2773 causa

255 2810 352 2863 Est
376 2812 562 2886 procul
589 2834 622 2870 a
649 2826 802 2892 tergo
827 2837 946 2892 quae
969 2818 1236 2894 provehat
1262 2830 1426 2894 atque
1457 2816 1753 2894 propellat;

256 2908 495 2982 Deinde,
516 2913 664 2987 quod
687 2934 858 2991 usque
891 2917 1027 2973 adeo
1058 2929 1272 2973 textura
1304 2915 1532 2993 praedita
1556 2937 1678 2972 rara

257 3008 573 3080 Mittuntur,
602 3011 756 3070 facile
785 3027 845 3071 ut
866 3018 1080 3092 quasvis
1108 3029 1395 3095 penetrare
1420 3028 1622 3092 queant
1646 2999 1733 3071 res
1753 3059 1766 3086 ,

252 3107 328 3160 Et
359 3108 510 3181 quasi
539 3129 850 3185 permanare
879 3137 977 3193 per
1005 3119 1142 3173 aeris
1176 3114 1539 3172 intervallum.

339 3205 630 3278 Praeterea‚
664 3212 734 3281 si,
765 3234 882 3288 quae
912 3217 1126 3292 penitus
1159 3214 1485 3293 corpuscula
1516 3237 1696 3272 rerum

262 3304 342 3359 Ex
373 3302 589 3381 altoque
616 3308 758 3365 foras
789 3313 1097 3387 mittuntur,
1128 3316 1252 3372 solis
1288 3316 1366 3371 uti
1394 3315 1514 3387 lux,
